3304 5052
546 371 597 421 na
624 371 752 432 auaris
778 371 888 420 anax.
916 371 967 440 nr,
994 369 1037 416 22.
1368 355 1418 426 37

172 549 372 648 capiebant
433 549 508 626 Sed
545 551 626 648 ipsa
655 547 837 622 festinatio
872 548 1148 621 discurrentimn
1182 577 1335 650 suosque
1369 554 1418 628 ed

119 678 153 726 2⁶
172 683 277 734 arma
309 663 519 738 vocantium
551 657 725 730 maiorem
757 666 895 730 metum
924 657 1083 732 incussit
1134 657 1206 732 Alii
1231 663 1268 734 in
1294 665 1418 760 iugum

171 773 306 846 montis
341 777 549 857 evaserant,
588 776 632 840 ut
665 765 830 841 hostiumw
862 791 991 866 agmen
1031 769 1113 844 inde
1153 771 1416 868 prospicerent:

171 905 286 979 equos
311 879 472 977 plerique
498 877 699 950 frenabant.
750 877 897 950 Discors
924 881 1113 967 exercitus,
1140 905 1206 952 nec
1231 880 1278 952 ad
1304 906 1415 954 unum

118 1012 152 1059 2⁷
170 992 334 1064 intentus
369 987 574 1085 imperium,
607 987 709 1060 vario
742 987 900 1058 tumultu
931 998 1061 1060 cuncta
1087 987 1304 1062 turbaverat.
1343 989 1416 1062 Da·

169 1123 256 1172 reus
295 1097 405 1202 initio,
433 1099 557 1196 iugum
597 1095 729 1168 montis
770 1119 852 1168 cum
885 1110 993 1194 parte
1023 1096 1205 1195 copiarum
1240 1123 1414 1197 occupare

169 1207 310 1298 statuit,
336 1219 376 1284 et
401 1209 568 1280 cleonte
594 1214 633 1278 et
653 1229 675 1278 a
696 1216 799 1304 tergo
826 1206 1074 1280 circumiturus
1100 1208 1250 1299 hostem,
1277 1211 1415 1282 amari

169 1341 330 1415 qnoque,
364 1342 437 1413 quo
465 1315 636 1388 dextrum
662 1317 738 1389 eius
765 1341 878 1388 cornu
902 1318 1110 1415 tegebatur,
1143 1320 1230 1392 alios
1257 1318 1414 1392 obiectu·

117 1443 151 1492 28
169 1451 251 1517 rus,
286 1437 329 1500 ut
354 1423 514 1522 undique
541 1437 696 1523 urgeret.
748 1424 900 1500 Praeter
924 1428 1014 1501 haec
1039 1428 1167 1525 viginti
1191 1429 1287 1502 milia
1305 1453 1413 1527 prae·

168 1537 282 1610 missa
306 1559 389 1608 cum
416 1536 685 1636 sagittariorum
709 1559 834 1625 manu,
866 1533 1039 1610 Pinarum
1064 1561 1221 1629 amnem,
1252 1539 1313 1635 qui
1339 1538 1412 1612 duo

167 1646 315 1742 agmina
340 1645 588 1735 interfluebat,
622 1645 793 1734 transire,
829 1655 867 1718 et
892 1645 1045 1720 obiicere
1071 1671 1150 1720 sese
1175 1645 1412 1722 Macedonum

168 1754 282 1851 copiis
308 1754 477 1829 iusserat:
505 1755 535 1828 si
560 1752 599 1827 id
624 1765 809 1852 praestare
834 1779 909 1828 non
934 1767 1098 1854 possent,
1124 1755 1411 1831 retrocedere.in

114 1881 149 1928 29
166 1875 322 1956 montes,
349 1874 388 1938 et
413 1865 553 1938 occulte
579 1865 764 1938 circumire
789 1864 935 1939 ultimos
960 1867 1126 1940 hostium.
1167 1865 1334 1942 Ceterum
1347 1865 1411 1941 de·

166 1974 306 2047 stinata
335 1975 529 2048 salubriter
560 1975 658 2048 omni
688 1975 828 2048 ratione
853 1976 1036 2074 potentior
1060 1977 1206 2049 fortuna
1230 1976 1411 2050 discussit:

115 2103 149 2150 so
167 2084 304 2180 quippe
330 2085 389 2156 alii
414 2109 503 2184 prae
528 2095 630 2158 metu
654 2085 843 2184 imperium
869 2085 1000 2182 exequi
1024 2110 1098 2158 non
1124 2083 1323 2177 audebant,
1350 2087 1409 2160 alii

164 2193 304 2266 frustra
329 2194 612 2291 exequebantur,
639 2195 739 2292 quia,
765 2195 827 2268 ubi
853 2206 975 2294 partes
1000 2195 1138 2288 labant,
1173 2221 1312 2270 summa
1337 2208 1410 2270 tur·

163 2295 302 2376 batua

114 2435 159 2484 uc
271 2412 381 2488 Acies
415 2423 539 2490 autem
572 2413 644 2488 hoc
677 2411 787 2488 modo
819 2399 932 2490 stetit}
985 2412 1213 2488 Nabarzanes
1247 2411 1458 2513 equitatu23

164 2521 340 2597 dextrum
367 2547 480 2598 comu
506 2524 693 2615 tuebatur,
724 2522 856 2598 additis
882 2521 1104 2596 liunditorum
1131 2523 1409 2621 sagittariorum·

129 2657 238 2730 2que
262 2633 392 2731 viginti
415 2635 492 2708 fere
518 2634 671 2706 milibus.
723 2632 766 2705 ln
792 2631 921 2706 eodem
947 2631 1153 2731 Thmodes
1180 2643 1272 2723 erat,
1300 2629 1408 2708 Grae·

164 2744 217 2817 cis
243 2741 426 2842 peditibus
452 2742 618 2818 mercede
644 2739 831 2816 conductis
851 2741 999 2840 triginta
1016 2742 1157 2815 milibus
1175 2744 1407 2840 praepositus.

163 2851 247 2926 Hoc
278 2862 358 2926 erat
391 2853 490 2927 haud
530 2853 638 2926 dubie
676 2852 788 2925 robur
824 2853 1019 2941 exercitus,
1062 2874 1127 2948 par
1157 2849 1407 2928 Macedonicae

129 2989 144 3036 s
164 2963 335 3060 phalangi
360 2963 464 3036 acies.
517 2961 561 3038 ln
580 2964 696 3062 laevo
729 2985 841 3034 cornu
866 2959 1114 3034 Aristomedes
1141 2959 1330 3036 Thessalus
1355 2963 1407 3035 vi·

162 3071 256 3168 ginti
281 3070 379 3144 milia
402 3071 643 3145 barbarorum
659 3089 662 3100 ’
676 3068 838 3168 peditum
862 3069 1031 3144 habebat
1083 3068 1125 3143 In
1152 3069 1316 3143 subsidiis
1342 3096 1406 3168 pu·

163 3268 192 3322 in
209 3269 292 3323 Ber-n.
309 3270 335 3323 A
353 3269 427 3322 Leid.
445 3269 524 3338 Voss.
544 3277 556 3323 1
582 3269 653 3323 Flor.
672 3269 704 3333 B,
722 3269 769 3322 sed
804 3269 910 3322 dubiam
927 3269 1008 3324 robur
1024 3268 1172 3340 significare
1214 3268 1267 3323 uod
1284 3268 1339 3323 eine
1356 3271 1405 3323 du-

163 3337 265 3408 legitur
281 3336 309 3391 in
325 3336 434 3408 reliquis
451 3337 563 3404 nostris,
590 3347 622 3390 ut
639 3344 770 3408 appareat
804 3337 848 3391 bio
865 3337 947 3391 robur
963 3345 1045 3404 esset,
1072 3336 1127 3389 sive
1150 3355 1186 3406 qu
1239 3337 1406 3392 hauddubie

163 3421 198 3458 ne
225 3405 285 3459 illos
312 3405 418 3476 quidem
445 3401 561 3475 optimos
586 3405 643 3458 sine
669 3405 769 3458 mendis
804 3404 894 3458 vocari
919 3413 1010 3475 posset
1035 3405 1130 3467 robur,
1147 3421 1173 3458 e
1189 3404 1253 3458 locis
1279 3405 1404 3473 Liuianis,

162 3471 769 3543 csse,qnamquamd1versisareliquorumlabe.
805 3489 873 3542 quos
897 3472 1033 3526 Drakenb
1060 3472 1095 3525 ad
1120 3471 1177 3525 Liv.
1200 3486 1307 3538 xxxrv,
1325 3479 1404 3540 48,5

197 3543 222 3620 ς.
232 3547 275 3593 27.
292 3543 382 3609 iayam
399 3541 507 3610 montis]
527 3540 573 3594 Sic
590 3557 651 3593 mss.
669 3556 769 3607 omnes,
805 3540 914 3611 collegit
938 3549 970 3595 ut
992 3538 1172 3595 coniecturam
1189 3537 1315 3594 Gronovii
1332 3543 1406 3595 laud

162 3607 230 3661 editi
252 3615 360 3678 praeter
377 3605 534 3662 Modianum
557 3609 651 3661 montis
671 3609 768 3678 iqun.
804 3609 897 3662 dubios
915 3610 1000 3662 hostes
1017 3609 1157 3678 probaret,
1183 3623 1237 3661 nou
1254 3625 1405 3679 tuquequa-

197 3673 266 3745 Cap.
284 3681 328 3742 28,
346 3678 370 3744 5.
387 3681 413 3728 2.
448 3677 496 3729 hoc
518 3685 575 3728 crat
597 3675 770 3729 hauddubie
805 3691 857 3746 que
875 3683 977 3729 certum
998 3685 1051 3729 est:
1079 3675 1129 3729 hoc
1156 3683 1228 3730 certe
1246 3674 1304 3729 loco
1321 3676 1404 3729 ambi-

162 3743 244 3796 robur
261 3745 400 3810 acreum]
436 3741 480 3796 De
498 3743 549 3796 hoc
567 3743 627 3796 loco
644 3741 768 3795 difficilli-
803 3742 934 3814 guitatem
951 3760 1041 3797 sensu
1060 3743 1169 3797 heberet
1186 3761 1202 3796 a
1220 3760 1272 3814 qua
1289 3743 1340 3797 scri
1361 3751 1405 3796 tor

162 3827 236 3863 mum
258 3818 301 3862 cst
325 3809 488 3864 constituere
512 3811 658 3864 secundum
675 3817 768 3863 aucto·
803 3818 895 3864 noster
911 3819 1028 3865 remotus
1046 3818 1094 3864 est.
1119 3811 1221 3865 Contra
1237 3813 1310 3865 baud
1345 3813 1404 3865 ubic

160 3877 270 3931 ritatem
288 3877 414 3931 bbromm
437 3895 499 3931 mss.
533 3878 608 3932 Editi
630 3877 700 3932 enim
722 3879 769 3931 loc
803 3879 883 3932 robur
894 3878 1022 3932 Livianae
1039 3878 1144 3931 dicendi
1162 3879 1343 3933 consuetudini
1360 3893 1403 3932 re·

161 3955 220 4024 erat
237 3947 311 3998 baed
327 3945 432 4024 ᾱιιρἰιωι
449 3947 531 4025 robur
553 3963 592 3998 ec.
616 3946 718 3999 neceb
736 3961 769 3999 ca
802 3947 930 4016 spondet:
948 3947 1009 4000 vide
1026 3946 1138 3998 eundem
1153 3945 1287 4025 Drakenb.
1302 3947 1403 3999 edLiv.

135 4083 137 4088 ·
161 4021 480 4134 fflmfflffi
489 4013 674 4160 &iffi-⁰¹
686 4013 767 4134 1⁰3⁰}de
802 4021 959 4160 ddicbbtd
976 4014 1403 4160 dbiqbblffifftbffutbegid

161 4149 188 4200 A
205 4150 270 4200 boec
294 4148 423 4202 exhibent
449 4156 478 4202 ct
495 4148 544 4202 soh
561 4147 636 4201 Lerd.
655 4147 731 4201 Voce.
752 4155 764 4200 1
803 4155 880 4229 potui
897 4153 960 4202 llaec
969 4163 1095 4218 recipere,
1115 4165 1237 4218 quomam
1246 4163 1314 4217 quae
1323 4149 1404 4218 prod·

162 4217 256 4282 dubie,·
290 4215 354 4268 item
371 4215 474 4268 Modius
498 4217 575 4270 dubie
596 4215 695 4284 edidit,
721 4216 768 4270 sed
803 4225 854 4270 net
872 4216 998 4269 intercisa
1010 4217 1099 4270 oratio
1117 4219 1179 4269 baec
1196 4226 1252 4268 erat
1262 4219 1346 4283 (baud
1353 4219 1402 4270 du·

162 4281 283 4403 ppamis
300 4283 509 4352 reprehenderet
531 4283 688 4363 vulgatam,
714 4301 767 4336 nou
803 4287 873 4337 biom
890 4286 998 4364 cloud
1013 4285 1088 4336 <lubic
1105 4285 1187 4365 robur
1202 4285 1403 4363 exercitquar

190 4360 229 4404 ert
246 4361 336 4404 tamen
354 4359 444 4404 utrum
462 4351 495 4402 dc
514 4361 668 4405 comectura
685 4367 720 4404 an
733 4368 768 4404 ex
803 4353 992 4405 Mmcdonrccc
1004 4353 1134 4421 pbcluupr
1145 4358 1402 4405 ocresnemrnrccrte

162 4419 324 4473 auctoritate
347 4417 408 4472 libri
425 4435 474 4471 ms.
492 4419 647 4472 emendarit.
685 4421 769 4472 Haud
802 4419 909 4490 probari
927 4428 1025 4490 potest.
