3300 5044
230 327 328 438 Ι524
403 418 407 424 ,
721 364 755 427 o.
782 361 905 414 cunrn
930 361 1015 414 narr

251 550 331 626 Hoc
355 549 532 624 bellorum
558 549 713 624 civilium
737 546 989 623 Macedonibus
1017 559 1054 622 et
1079 571 1185 622 omen
1212 555 1250 620 et
1274 544 1495 642 principium

251 662 328 734 fuit
380 659 574 758 Meleager,
609 685 689 736 sero
715 661 892 736 intellecta
917 657 1041 732 fraude
1068 659 1276 744 Perdiccae,
1308 665 1392 726 tum
1419 655 1495 750 qui·
1510 673 1538 720 ιι

251 769 351 862 dem,
391 773 474 870 quia
507 773 618 870 ipsius
652 773 791 868 corpori
821 772 876 843 vis
907 796 978 842 non
1011 771 1243 858 afferebatur,
1281 767 1319 838 in
1347 766 1496 863 agmine

253 883 394 981 quietus
421 886 538 956 stetit:
572 891 611 954 at
634 905 730 970 mon,
757 879 924 953 damnata
950 905 1013 977 spe
1040 880 1181 967 salutis,
1214 903 1296 951 cum
1322 877 1403 950 eius
1433 902 1496 950 no
1513 895 1538 940 ²1

251 996 358 1085 mine,
384 1019 492 1092 quem
517 994 593 1089 ipse
619 991 752 1064 fecerat
776 1015 906 1088 regem,
932 991 968 1062 in
993 990 1185 1088 perniciem
1212 1013 1315 1060 suam
1342 987 1498 1062 abuten-

253 1114 309 1177 tes
336 1104 475 1176 videret
500 1101 675 1190 inimicos,
710 1100 868 1196 confugit
893 1101 929 1171 in
956 1100 1147 1195 templum:
1179 1123 1222 1170 ao
1248 1121 1294 1170 ne
1319 1096 1390 1170 loci
1421 1099 1500 1195 qui·

206 1217 210 1226 '
253 1213 337 1288 dem
362 1213 532 1309 religione
559 1209 736 1301 defensus,
768 1208 947 1284 occiditur.

204 1325 253 1398 30
357 1322 538 1410 Perdicca,
572 1319 745 1424 perducto
772 1322 807 1394 in
834 1320 959 1394 urbem
984 1319 1156 1409 exercitu,
1182 1319 1370 1392 eonsihum
1397 1321 1544 1418 prin-1

257 1435 376 1532 cipum
401 1432 562 1505 virorum
588 1429 728 1520 habuit,
760 1433 796 1504 in
822 1457 892 1528 quo
917 1431 1105 1528 imperium
1130 1432 1182 1504 ita
1208 1427 1319 1504 dividi
1346 1431 1500 1527 placuit,

255 1554 298 1617 ut
322 1569 389 1618 rex
414 1542 559 1640 quidem
585 1566 759 1615 summam
776 1543 850 1616 eius
872 1541 1061 1631 obtineret,
1086 1551 1249 1640 satrapes
1263 1539 1501 1615 Ptolemaeus

256 1655 416 1754 Aegypti
447 1663 484 1726 et
515 1653 656 1727 Africae
686 1654 844 1749 gentium
875 1676 966 1750 quae
1000 1653 1037 1724 in
1069 1651 1208 1731 dicione
1234 1661 1348 1725 erant
1402 1651 1529 1724 laod

156 1781 162 1790 '
256 1764 417 1840 medenti
443 1761 548 1863 Syria
573 1787 654 1836 cum
680 1762 856 1840 Phoenice
881 1763 968 1836 data
992 1772 1067 1850 est;
1094 1761 1260 1836 Philotae
1286 1759 1412 1836 Cilicia
1441 1763 1504 1836 de·

257 1877 409 1965 stinata;
436 1873 583 1973 Lyciam
609 1899 691 1966 curn
709 1872 920 1974 Pamphyha
938 1884 975 1947 et
996 1873 1130 1946 maiore
1149 1871 1311 1971 Phrygia
1330 1873 1505 1969 obtinere

256 1987 375 2060 iussus
401 1985 626 2084 Antigonum
661 1986 698 2058 in
724 1982 864 2058 Cariam
890 1981 1107 2074 Cassander,
1139 1981 1337 2057 Menander
1363 1983 1411 2055 in*
1430 1981 1503 2082 Ly·

258 2097 355 2186 diam
398 2097 508 2170 missi.
569 2093 764 2195 Phrygiam
801 2095 973 2181 minorem
1012 2091 1248 2194 Hellesponto
1288 2092 1504 2168 adiunctam

257 2207 433 2282 leonnati
470 2203 691 2305 provinciam
725 2229 803 2280 esse
836 2207 1025 2278 iusserunt.
1079 2202 1308 2303 Cappadocia
1323 2203 1532 2279 'Eumenis

258 2343 341 2392 cum
355 2317 600 2416 Paphlagonia
625 2317 741 2390 cessit.
786 2315 1020 2415 Praeceptum
1046 2325 1112 2406 est,
1138 2325 1181 2388 ut
1205 2317 1390 2414 regionem
1419 2343 1505 2391 eam

258 2453 373 2528 usque
407 2428 454 2502 ad
488 2427 716 2526 Trapezunta
754 2425 976 2516 defenderet,
1010 2427 1144 2500 bellum
1184 2451 1265 2500 eum
1304 2427 1506 2522 Ariarathe

258 2549 410 2638 gereret.
463 2535 567 2612 Solus
593 2538 650 2610 hic
675 2536 897 2612 detrectabat
921 2537 1118 2634 imperium.
1170 2535 1304 2611 Pithon
1330 2537 1536 2630 Mediam„

259 2649 494 2748 Lysimachus
507 2649 694 2722 Thraciam
720 2649 969 2748 appositasque
983 2645 1155 2721 Thraciae
1180 2659 1308 2746 gentes
1335 2647 1506 2744 obtinere

259 2761 356 2834 iussi.
411 2757 479 2848 Qui
510 2759 648 2850 Indiae,
688 2761 823 2858 quique
842 2758 980 2832 Bactris
1011 2767 1049 2831 et
1074 2755 1264 2856 Sogdianis
1297 2760 1504 2859 ceterisque

260 2881 325 2944 aut
349 2867 485 2944 Oceani
510 2881 574 2944 aut
599 2870 710 2944 Rubri
736 2872 842 2944 maris
867 2869 994 2942 accolis
1019 2881 1221 2966 praeerant,
1249 2870 1378 2968 quibus
1406 2872 1505 2969 quis-

80 3014 83 3022 ·
172 3048 177 3059 .
260 2981 487 3080 que-finibus
513 2981 712 3073 habuisset,
747 2980 882 3079 imperii
908 2981 1015 3053 etiam
1032 2981 1096 3076 ¹ius
1123 2979 1346 3071 obtinerent,
1379 2980 1506 3056 decre-

295 3231 318 3294 5.
331 3223 374 3278 21.
409 3233 438 3278 at
454 3225 526 3295 moe]
562 3221 649 3278 Codd.
667 3223 751 3278 nostri
769 3239 859 3279 ornnes
894 3222 990 3275 fertur:
1011 3221 1152 3276 verisimile
1169 3229 1259 3276 nmen
1283 3229 1326 3277 est
1343 3221 1506 3278 Asanam

260 3293 379 3348 etheid.
398 3293 503 3348 vesal
528 3304 552 3346 et
574 3311 647 3360 moe,
669 3294 716 3346 sed
738 3293 860 3364 quoniam
894 3291 981 3362 patius
1003 3290 1084 3344 fuisse
1103 3289 1199 3346 Cariae
1220 3292 1392 3372 praefectam.
1430 3293 1506 3347 Vide

260 3364 365 3434 quidem
382 3361 533 3432 praecessit,
552 3361 725 3416 necoesarism
741 3379 797 3414 esse
814 3361 860 3413 ad-
895 3375 962 3439 quae
983 3357 1095 3428 collegit
1113 3358 1306 3430 Wessehngius
1330 3361 1365 3414 ad
1386 3360 1505 3416 Diodori

260 3429 419 3484 versativsru
435 3428 592 3500 perticulam
604 3446 707 3493 censeo,
725 3447 803 3501 quam
816 3429 861 3482 Iu·
895 3428 1101 3494 hbr.xvn1,sa
1115 3427 1169 3481 Sed
1178 3429 1264 3482 adhuc
1273 3427 1384 3483 aliorum
1393 3447 1507 3501 quoqne

261 3499 320 3621 {¹3⁰⁸
337 3497 861 3621 ttffitt‘tstttavttttmtt
901 3495 1507 3636 'iillmitmmlffiliifd‘h'hd‘llih

189 3673 190 3678 ι
262 3652 297 3688 ex
314 3643 405 3688 vetere
422 3635 552 3688 scribendi
566 3635 672 3688 ratione
687 3634 714 3688 in
732 3625 863 3706 plerisque
897 3635 1005 3698 Arbote,
1023 3631 1088 3685 item
1104 3650 1165 3687 mss.
1174 3633 1305 3704 plerique,
1315 3633 1391 3687 Leid.
1400 3636 1505 3689 vesal

263 3702 336 3758 libris
349 3703 457 3757 servari.
898 3703 1030 3768 Harbate,
1054 3700 1125 3755 Flor.
1140 3701 1162 3754 F
1179 3702 1303 3772 Arbaye,
1322 3701 1393 3756 Flor.
1407 3701 1506 3757 Eum

298 3771 416 3841 Capto,
435 3775 492 3840 §.L
518 3781 639 3840 satrapes
656 3771 724 3824 Prot.
743 3773 863 3840 Aegypti,
897 3770 1013 3823 Bem.B
1032 3769 1137 3824 Vosat
1157 3773 1271 3825 Arbace.
1308 3769 1362 3824 Sed
1379 3771 1507 3842 regulum

264 3838 434 3910 subintellige
450 3843 584 3908 &aperiam
603 3839 734 3892 obtineret.
761 3839 863 3892 Exinde
898 3838 1086 3918 Cappadocum
1096 3841 1259 3892 Ariarathen
1273 3837 1507 3909 appellatumesse

263 3907 409 3963 orationem
427 3917 522 3974 mutat,
541 3917 570 3960 et
583 3925 658 3960 saum
674 3908 767 3978 cuique
783 3909 864 3979 parti-
897 3907 1058 3978 reliquorum
1075 3906 1192 3960 omnium
1210 3907 1369 3978 scriptomm
1386 3909 1506 3962 auctori·

264 3976 333 4032 tioni
350 3976 461 4029 verbum
478 3975 562 4028 addit.
898 3984 954 4028 tate
972 3983 1085 4028 mactat
1107 3975 1150 4030 Cf.
1167 3975 1297 4046 imprimis
1306 3975 1506 4044 ntoaonvu,

299 4052 356 4114 §.a
392 4045 574 4112 Laomedonti}
610 4045 774 4097 Leomedonti
790 4043 863 4097 Leia.
901 4051 929 4098 lt
948 4042 994 4096 ubi
1010 4043 1044 4095 de
1059 4045 1208 4098 Ariarathis
1222 4062 1271 4114 sup
1291 4043 1352 4097 licio
1369 4053 1506 4098 narretur.

265 4115 341 4169 Voss.
354 4121 399 4167 1.2
419 4112 542 4192 BernA,
565 4113 611 4166 aed
628 4113 714 4166 nullus
731 4113 861 4166 Florenti·
921 4114 1088 4192 detrectabat]
1107 4063 1324 4166 detractabathoc
1349 4113 1505 4168 uidemloeo

265 4201 366 4238 norum.
401 4181 518 4234 Posthac
534 4199 562 4233 ιιι
582 4189 745 4262 potestatem
762 4193 790 4235 et
807 4181 862 4251 ipse
896 4129 1505 4252 plenquemss.lcid.vosa1.2Psl.lBern.
1583 4207 1586 4214 Α

264 4261 293 4373 dt
310 4252 366 4304 eins
384 4249 519 4372 prov⁴ir³rcia
535 4258 608 4302 veart
624 4249 780 4317 Ptolemaei,
798 4251 862 4303 Dio·
897 4253 921 4302 A
941 4249 1012 4370 Flpr.
1029 4259 1137 4330 praeter
1151 4249 1320 4371 Auzemnes.
1364 4317 1399 4371 bs
1483 4330 1493 4372 t

283 4334 425 4384 onxvrn,
478 4358 485 4371 .
947 4359 952 4370 .
990 4359 996 4370 .
1032 4337 1067 4370 sm
1086 4335 1135 4370 era
1219 4335 1244 4370 ιιι
1275 4337 1318 4371 sas
1348 4335 1362 4370 o
1390 4335 1482 4372 merere

300 4391 329 4442 io
349 4388 460 4440 Cariam
479 4387 643 4454 Cassander]
678 4385 752 4438 Nihil
769 4385 795 4438 in
813 4388 863 4439 hoc
898 4324 997 4440 Pllrrali
1024 4336 1134 4440 narhero
1160 4385 1231 4438 edidi
1259 4403 1275 4440 e
1301 4385 1376 4440 Leid.
1394 4322 1504 4441 Vosatl

267 4455 372 4511 nomiae
389 4453 526 4508 varietatis
543 4470 577 4506 ex
595 4452 666 4506 libris
677 4453 808 4508 Cartlsnis
825 4456 864 4508 sl·
898 4455 1036 4510 BeruAB
1055 4454 1257 4509 Fleaomaibus
1274 4463 1381 4527 praeter
1390 4455 1424 4508 A.
1447 4455 1507 4510 Ne·
