3300 5044
1027 217 1065 290 Ο

238 357 311 428 512
706 371 739 434 o.
763 370 886 422 conrii
910 371 993 424 nori

236 557 332 628 dum.
377 552 471 626 Nulli
499 554 662 651 placebat
687 557 811 630 oratio.
859 557 984 654 ltaque
1011 580 1077 627 suo
1103 580 1203 630 more
1229 557 1344 632 hastis
1371 569 1482 631 scuta
1502 575 1531 620 1²

236 666 435 761 quatientes
462 667 668 766 obstrepere
694 669 983 768 perseverabant
1035 663 1180 763 lamque
1206 694 1320 766 prope
1347 668 1397 740 ad
1425 693 1482 740 se-

237 775 408 850 ditionem
439 790 692 876 pervenerant,
727 777 888 852 Nearcho
922 777 1140 876 pervicacius
1174 790 1300 852 tuente
1332 791 1482 851 senten-

236 889 332 960 tiam.
386 888 477 962 Tum
503 889 745 978 Ptolemaeus,
776 889 895 988 Dipaia
922 915 1065 986 proreta
1097 902 1144 961 est
1174 879 1311 980 soboba,
1349 890 1482 986 inquit,
1504 908 1534 952 ¹³

235 1026 321 1100 ptrue
347 1001 569 1074 Macedonum
600 1003 737 1096 imperet
762 999 867 1098 poeti,
901 1001 1059 1074 Rouana
1084 997 1137 1072 vel
1160 999 1334 1072 Bararitne
1348 995 1481 1098 filices!

235 1113 331 1186 orius
355 1135 474 1185 omnen
498 1135 625 1210 quoque
650 1110 824 1207 Europam
851 1111 959 1184 tuoe
988 1111 1123 1210 pipebi't,
1156 1111 1283 1182 maiore
1308 1135 1349 1184 ec
1374 1125 1485 1208 pos-te

236 1222 368 1319 captiui.
422 1220 484 1294 Est
507 1219 704 1294 einPersoa
728 1220 914 1306 nummus,
940 1235 978 1294 ut
1000 1221 1101 1320 stirpi
1124 1245 1239 1294 sorno
1263 1221 1482 1294 annianus!
1505 1241 1536 1284 1⁴

237 1329 327 1430 qisod
359 1331 439 1404 irati
471 1331 522 1403 illi
549 1355 641 1430 repes
667 1329 805 1404 Dareus
837 1343 867 1402 et
891 1331 1021 1404 Xerses
1052 1345 1096 1405 tot
1124 1331 1256 1403 milium
1287 1331 1486 1429 synnodus

237 1441 400 1542 medieque
425 1442 583 1516 ansatos
607 1441 824 1542 nequicquam
852 1441 1049 1538 paemen.
1102 1442 1185 1515 Meo
1209 1443 1369 1515 smtente'a
1395 1441 1485 1514 baec
1505 1461 1537 1505 ¹⁵

237 1566 293 1644 eet,
319 1565 357 1625 ut
379 1555 457 1627 aede
482 1553 673 1626 Alexandri
696 1551 733 1626 io
756 1551 850 1650 sepia
868 1553 992 1650 posita,
1026 1553 1087 1652 pai
1110 1553 1258 1627 consiliis
1283 1553 1356 1626 eius
1381 1552 1485 1625 adti-

238 1663 407 1756 bebontur,
442 1675 567 1754 cotom,
602 1663 748 1762 quodem
781 1665 817 1735 io
852 1687 1021 1735 commane
1057 1663 1203 1737 conada
1237 1687 1323 1760 opus
1346 1663 1485 1763 suari.-

236 1797 351 1876 eoque,
383 1775 473 1874 quod
495 1775 604 1847 maior
633 1799 718 1871 pora
742 1797 855 1847 sonui
881 1771 1073 1864 deoeood
1104 1785 1220 1863 stetur,
1252 1772 1353 1847 duces
1372 1799 1484 1872 prae·

225 1884 374 1986 sedique
398 1884 572 1982 copiarum
597 1883 649 1957 lu's
671 1897 821 1981 pareant
875 1881 1081 1985 Ptolemaeo
1108 1879 1263 1979 quidam,
1289 1883 1485 1982 pauciores
1506 1903 1537 1949 1⁰

236 1993 428 2069 Perdiccae
453 1994 749 2068 assentiebantur.
797 1993 889 2065 Tum
915 1994 1107 2067 Aristonus
1134 2018 1239 2068 orsus
1265 2005 1322 2068 est
1347 1993 1485 2085 dicere,

236 2195 519 2318 duffiilevdiigsiiiiildn
560 2194 720 2343 orsioemiild,
731 2194 837 2343 (diligi
870 2193 1485 2344 ἷοῗέιᾝιέοὶὶΐοτῖιὶῧίιὲῗῇῗὲῗέ

236 2331 303 2386 nihil
328 2331 391 2386 abbi
418 2332 539 2398 Cornus,
570 2331 699 2385 Artabazi
728 2331 783 2384 filis
808 2338 838 2384 et
869 2332 897 2384 Δ
921 2339 1007 2396 recte,
1054 2332 1107 2386 nod
1132 2330 1224 2385 Iunius
1251 2331 1350 2399 edidit,
1379 2329 1485 2402 rebqiii

236 2400 387 2456 Memnonis
404 2399 501 2454 Rhodii
526 2399 588 2454 olim
609 2417 690 2466 uxor,
716 2399 837 2453 Damasci
870 2407 959 2452 sutem
984 2401 1033 2453 eod
1086 2408 1115 2452 et
1138 2400 1201 2454 edd.
1227 2399 1330 2472 primae
1354 2399 1484 2454 norma

237 2485 297 2523 osni
314 2467 410 2522 eatena
424 2467 553 2523 nobilibus
566 2467 668 2521 feminis
676 2475 763 2539 napta,
781 2483 836 2520 reni
871 2466 945 2534 (Ald.
962 2467 1120 2536 Βὴοταιιίε).
1161 2470 1209 2524 Vei
1230 2470 1366 2523 Burnum
1387 2466 1484 2538 plum

237 2537 367 2591 babuerat
384 2555 443 2592 oiim
459 2537 627 2604 Alexandro,
646 2543 714 2590 testa
731 2535 836 2589 Plutsr-
870 2536 984 2601 hebent,
1008 2537 1057 2589 sed
1078 2547 1102 2589 et
1118 2537 1237 2591 Barsine
1258 2543 1312 2603 (ne)
1335 2535 1404 2590 Flor.
1422 2535 1484 2589 ΕΗ

237 2607 289 2660 cbo
309 2605 337 2660 in
358 2605 405 2660 vit.
420 2605 497 2662 Alex.
518 2622 541 2659 o.
554 2612 587 2659 tl
606 2604 665 2660 coll.
682 2622 742 2659 crini
760 2603 836 2658 Oura
871 2604 950 2657 Bern.
960 2604 994 2670 B,
1012 2623 1044 2658 ea
1061 2605 1178 2659 Barsine
1194 2604 1309 2660 tiore.
1332 2605 1379 2659 Vel
1397 2606 1484 2658 Arsi-

236 2689 281 2740 m,
298 2681 346 2741 85,
368 2676 413 2728 sed
431 2674 455 2727 ei
472 2673 578 2754 quidm
596 2673 692 2754 nuptiis
713 2671 837 2752 legitimis
871 2690 922 2726 nae
938 2671 1023 2726 edidit
1040 2672 1139 2737 Aldus,
1168 2675 1209 2727 eei
1230 2675 1361 2755 Barsines
1375 2671 1483 2754 'lunius

237 2741 837 2931 antepenultimam,
872 2757 984 2877 ‘tit
1000 2741 1483 2890 nuorenbere

256 2895 368 2950 nemque
395 2888 583 2948 ¹ieitmaiorein
592 2877 838 2947 Dareiregiafiliam
872 2875 959 2932 locum
976 2887 1112 2943 constitui,
1129 2879 1241 2932 reducto
1258 2880 1390 2932 verberet
1403 2880 1482 2948 qnod

236 2897 317 3002 iiim
339 2955 368 3000 et
388 2948 423 3001 sb
441 2946 595 3000 Alexandro
613 2947 686 3001 Susis
702 2946 730 2999 in
748 2946 837 3000 instri-
871 2945 905 2998 ab
923 2945 994 3000 Aldo
1010 2946 1143 3000 sublatum
1160 2947 1207 3000 din
1223 2947 1391 3012 exulaverat,
1415 2963 1481 3000 cnm

137 3015 139 3018 ’
237 3015 586 3082 moniamesseductsm,si
603 3024 678 3069 reete
695 3013 838 3096 appellarit
871 3013 899 3068 in
916 3031 977 3068 mss.
993 3013 1113 3069 omuibus
1130 3023 1210 3082 esset,
1245 3023 1355 3070 uantum
1368 3013 1481 3086 quidem
1537 3021 1540 3032 ’

235 3083 381 3150 Barsines,
400 3103 459 3139 cuin
475 3083 518 3137 alii
541 3101 631 3138 ornnes
649 3083 773 3138 Ststsrnn
790 3099 838 3136 vo·
871 3099 887 3135 e
905 3081 975 3136 Flor.
993 3083 1206 3137 etBernensium
1222 3033 1349 3138 libiorum
1366 3091 1395 3136 et
1408 3099 1482 3163 quos

237 3161 309 3220 nent,
332 3161 405 3206 certe
422 3154 455 3206 ab
474 3153 522 3205 hac
541 3152 651 3206 Barsine
668 3151 771 3206 diverse
788 3162 836 3205 est
871 3151 953 3204 Snslr.
979 3160 1167 3206 commemorat
1197 3151 1273 3207 Leid.
1300 3151 1481 3223 Vestinusque

236 3220 365 3276 Notabile
381 3231 479 3286 sutem,
497 3221 524 3274 in
542 3221 593 3274 illie
611 3220 709 3291 nuptiis
720 3219 837 3274 Susianis
871 3219 966 3290 prioris
984 3219 1184 3290 principumque
1192 3221 1253 3274 edd.
1263 3237 1394 3274 consensu
1406 3219 1480 3274 iudi-

236 3289 384 3344 Alexandri
401 3289 472 3343 iussu
480 3289 603 3344 Nearcho
611 3288 753 3358 contigisse
770 3306 835 3341 uxo·
870 3305 931 3342 care
949 3287 1020 3341 licet
1054 3289 1109 3342 Sed
1125 3290 1283 3343 adhaeserat
1294 3288 1381 3342 verbis
1398 3305 1480 3359 prae-

236 3373 294 3412 rem
318 3357 372 3423 τὴν
395 3364 533 3429 Βαρσίνης
560 3379 590 3410 rs
620 3363 666 3408 eat
692 3362 837 3428 Μέντορος
871 3356 966 3426 gressis
977 3358 1074 3477 captim
1083 3367 1127 3420 est,
1139 3357 1255 3411 maxims
1263 3355 1480 3427 interpunctione

237 3423 341 3493 auido,
364 3425 477 3479 Arriano
495 3435 563 3480 teste
580 3425 624 3479 l.l.
660 3425 710 3478 llla
730 3434 759 3479 et
782 3425 838 3495 ipse
872 3425 1009 3506 aparticn
1053 3443 1100 3480 eur
1114 3425 1284 3497 diremptum.
1307 3425 1478 3479 EtBreinsli.

237 3494 341 3548 diversa
366 3502 408 3547 eat
430 3495 464 3548 sb
487 3494 536 3548 hac
558 3493 682 3560 Barsine,
708 3495 755 3546 sed
777 3509 837 3546 cuni
870 3493 976 3563 quidem
994 3511 1060 3547 nnus
1078 3494 1216 3564 vulgatam
1234 3493 1375 3549 lectionem
1393 3510 1479 3564 segre

237 3563 347 3617 Mentor
366 3563 449 3617 frater
469 3563 550 3616 inerit
571 3561 735 3628 Memnonis,
762 3561 838 3615 facile
872 3561 943 3627 tulit,
965 3562 1073 3615 modurn
1089 3561 1262 3634 potentialem
1279 3563 1365 3616 minus
1381 3571 1479 3632 aptum

237 3631 404 3702 intelligitur,
441 3649 500 3684 uam
517 3649 566 3702 pro
587 3629 652 3684 rism
669 3647 774 3684 cansam
791 3630 838 3682 he·
872 3645 928 3683 esse
946 3627 1108 3701 intelligens,
1136 3650 1184 3685 eur
1201 3633 1358 3685 vicerimus?
1385 3630 1480 3702 itaque

235 3699 325 3753 buerit
342 3649 486 3766 Neardlius,
505 3718 553 3753 cur
597 3699 710 3753 eroiilem
720 3699 836 3778 Alexan·
870 3701 978 3753 eomas
995 3699 1179 3780 roriigeudum
1196 3699 1307 3754 sensuit.
1333 3700 1389 3752 lani
1407 3709 1479 3770 puto

236 3767 279 3822 dn'
295 3765 377 3820 filiuni
399 3785 433 3820 ex
451 3769 575 3834 Barsine,
602 3767 753 3822 Memnonis
774 3767 835 3820 olim
869 3767 981 3820 acerbae
1003 3767 1129 3822 brenonis
1152 3767 1312 3838 elegantiam
1334 3783 1477 3838 apparere,

237 3837 369 3903 uxore,sd
381 3836 481 3905 regium
490 3837 623 3908 fastigium
632 3836 706 3890 evehi
715 3836 835 3890 voluerit.
870 3835 936 3890 dicit
952 3835 1023 3889 enini
1040 3837 1091 3890 lioc
1108 3836 1175 3890 sere:
1211 3835 1272 3890 Hoc
1293 3835 1394 3891 scilicet
1409 3853 1478 3908 ope-

272 3909 296 3972 s.
311 3911 352 3958 12.
382 3923 468 3974 prope
491 3909 528 3958 nd
544 3907 695 3986 seditionem
712 3923 835 3974 pervene-
870 3920 915 3958 ree
932 3905 1049 3984 pretium
1066 3915 1116 3985 ast,
1136 3905 1367 3985 iampdmuseur
1384 3913 1477 3959 nawa

235 3973 393 4122 tutti
420 3991 557 4122 sinti
575 3973 836 4122 {attentet
870 3972 1478 4122 ltit’dit‘ttttttd‘ttdtttt

234 4127 297 4165 nem
314 4121 457 4179 eiecerunt,
475 4110 554 4164 bbroa
571 4127 632 4163 mss.
650 4129 677 4164 iii
694 4127 727 4163 ea
743 4127 772 4163 re
790 4127 836 4180 pn·
871 4111 983 4163 dumus!

235 4197 295 4234 rum
314 4189 455 4246 curarunt,
478 4196 539 4232 nain
557 4178 641 4232 nostri
657 4188 687 4232 et
703 4178 835 4232 Snalienb.
906 4181 979 4246 §.ia
1003 4181 1232 4248 paucioresPerd
1250 4179 1476 4302 stomachentur}

235 4263 327 4302 omnes
343 4249 476 4302 adiiciunt
503 4247 634 4313 Linviii,
653 4255 685 4302 ²9
700 4267 783 4317 prope
800 4251 838 4300 od
871 4245 964 4300 Sentio
981 4265 1060 4317 quarn
1077 4247 1183 4300 difficile
1196 4248 1231 4302 sit
1245 4247 1383 4302 lectionem
1392 4263 1466 4302 seme

236 4319 354 4370 ultimum
380 4319 555 4371 dimicationis
582 4328 682 4369 nentina
709 4327 754 4370 est.
793 4315 835 4369 cf.
870 4325 1003 4386 receptam
1016 4315 1074 4370 loeo
1087 4315 1229 4386 depellere,
1247 4315 1366 4386 sedquid
1381 4315 1475 4385 facias,

237 4402 318 4456 supra
335 4385 370 4436 sd
386 4385 432 4438 lib.
451 4399 501 4449 vu,
522 4392 562 4450 17,
581 4391 623 4438 22.
870 4385 915 4437 ubi
933 4393 961 4438 et
978 4383 1039 4438 libri
1056 4401 1146 4439 omnes
1164 4386 1337 4439 admiscetur
1349 4383 1423 4438 neci

273 4461 296 4524 §-
311 4459 351 4508 1³.
389 4455 455 4506 Tum
475 4453 651 4523 Ptolomeus]
686 4453 757 4506 Flor.
770 4451 835 4505 nui
869 4471 911 4506 res
929 4453 1121 4507 dubitationem
1138 4469 1245 4508 omnem
1262 4453 1356 4509 tubat?
1386 4453 1421 4508 ni
1445 4473 1476 4508 us
