3350 5042
241 287 314 360 822
704 301 738 366 o.
765 299 889 352 cnam
915 301 1000 353 anm

235 485 382 558 fratrem
407 479 531 575 Darei,
564 507 669 583 quem
695 485 786 558 inter
810 484 968 584 c'orporis
995 484 1164 560 custodes
1191 487 1365 582 habebat,
1392 519 1480 591 pro

236 594 315 694 pius
341 594 444 670 iussit
468 595 653 688 accedere,
683 597 845 695 trsdique
871 595 1020 670 Bessum
1046 595 1098 686 ei,
1133 609 1176 669 ut
1201 601 1297 672 cruci
1322 604 1482 676 affixum

237 705 407 781 mutilatis
446 709 590 784 auribus
629 709 843 806 naribusque
881 709 1020 807 sagittis
1062 707 1284 806 configerent
1317 710 1480 804 barbari,

235 831 530 918 asservarentque
569 844 715 918 corpus,
755 829 797 892 ut
829 843 876 892 ne
907 844 993 893 aves
1025 817 1170 918 quidem
1212 819 1478 916 contingerent.

236 925 418 1004 Oxathres
450 943 569 1004 cetera
602 929 668 1002 sibi
703 953 809 1002 curae
843 930 919 1002 fore
953 932 1160 1027 pollicetur:
1196 955 1282 1004 aves
1317 956 1391 1004 non
1429 935 1479 1006 ab
1498 957 1530 1003 ιι

238 1043 317 1134 elio,
344 1067 451 1141 quam
477 1066 499 1114 e
526 1039 674 1128 (latone,
700 1061 805 1135 posse
830 1039 1010 1134 prohiberi
1035 1041 1172 1131 adiicit,
1199 1043 1368 1114 eximiam
1394 1045 1476 1118 eius

234 1165 349 1228 artem
374 1153 519 1250 cupiens
545 1147 751 1224 ostendere:
775 1171 929 1244 nemque
954 1149 1045 1224 adeo
1072 1161 1172 1224 certo
1197 1151 1273 1223 ictu
1292 1153 1478 1234 destinata

234 1261 399 1352 feriebat,
426 1271 467 1335 ut
493 1285 578 1334 eves
603 1283 743 1358 quoque
768 1259 958 1358 exciperet
1010 1257 1103 1334 Nam
1129 1259 1160 1332 si
1184 1259 1336 1334 forsitan
1362 1268 1474 1362 sagit
1495 1289 1530 1334 42

238 1372 338 1448 tandi
372 1385 447 1447 tam
478 1371 607 1448 celebri
640 1397 708 1446 usu
737 1371 854 1444 minus
887 1371 1103 1445 admirabilis
1140 1371 1255 1446 videri
1289 1397 1348 1447 ars
1382 1375 1476 1449 haec

234 1485 358 1586 possit,
384 1487 641 1584 tameningens
654 1481 851 1557 visentibus
864 1483 1083 1576 miraculum,
1111 1507 1316 1581 magnoque
1340 1484 1473 1560 honori

235 1593 360 1671 Ceteni
385 1597 461 1670 suit
500 1595 605 1670 Dona
615 1592 743 1667 deinde
761 1593 937 1684 omnibus,
963 1595 1024 1691 qui
1048 1593 1470 1686 Bessumadduxerant,
1490 1617 1527 1664 ss

232 1706 318 1782 dcta
343 1717 437 1781 sunt.
477 1703 642 1780 Ceterum
667 1703 876 1802 supplicium
902 1705 977 1778 eius
1003 1704 1151 1795 distulit,
1178 1715 1289 1778 uteo
1315 1707 1405 1798 loco,
1432 1707 1471 1779 in

231 1842 303 1918 quo
329 1815 487 1890 Dareum
512 1816 599 1914 ipse
613 1815 799 1906 occiderat,
825 1828 1021 1890 necaretur.
1356 1869 1362 1885 .

183 1929 243 2003 25-
333 1926 475 2002 Interea
491 1925 713 2018 Macedones,
740 1925 787 2000 sd
812 1925 1005 2026 petendum
1031 1925 1204 2026 pabulum
1229 1927 1526 2026 incompositum

232 2040 372 2139 agmine
397 2040 546 2138 egressi,
581 2039 807 2130 ebarbaris,
842 2036 974 2134 quide
999 2038 1172 2136 proximis
1197 2037 1381 2112 montibus
1407 2037 1470 2112 de·

234 2160 436 2240 currerunt,
471 2150 738 2250 opprimuntur,
764 2150 954 2249 pluresque
979 2149 1075 2246 capti
1100 2159 1186 2224 sunt
1211 2173 1318 2246 quam
1344 2149 1469 2223 occisi:

233 2261 377 2336 barbeii
401 2271 533 2352 autem,
559 2260 718 2358 captivos
743 2283 830 2358 pree
856 2282 895 2332 se
920 2269 1079 2358 agentes,
1104 2283 1230 2334 rursus
1255 2261 1504 2334 inmontema

126 2397 145 2434 a
232 2373 469 2446 recesserunt
516 2395 569 2443 xx
594 2371 690 2444 milis
713 2370 892 2444 latronum
924 2381 1036 2444 erant
1088 2369 1224 2444 Fundis
1254 2371 1468 2469 sagittisque

234 2507 392 2582 pugnam
415 2481 600 2556 invadunt
653 2478 751 2570 Quos
777 2479 863 2554 dum
889 2480 1031 2554 obsidet
1055 2505 1132 2572 rex,
1158 2481 1252 2556 inter
1275 2483 1502 2579 promptis-s

203 2679 206 2686 Ι
232 2594 340 2666 simos
366 2591 537 2666 dimicans
562 2593 693 2690 sagitta
716 2592 807 2666 ictus
834 2601 905 2682 est,
941 2617 1032 2690 quse
1056 2591 1094 2665 in
1119 2591 1239 2673 medio
1264 2617 1369 2666 crure
1394 2591 1472 2666 fixa

230 2705 422 2802 reliquerat
453 2703 635 2801 spiculum.
686 2699 791 2776 lllum
821 2700 964 2799 quidem
994 2701 1124 2776 maesti
1153 2713 1192 2776 et
1223 2704 1368 2776 attoniti
1392 2701 1506 2776 Illa-4

229 2910 310 2968 ditur.
344 2909 514 2966 Recentioroe
535 2909 596 2964 indo
617 2925 633 2964 ι
657 2909 748 2964 nodio
770 2909 826 2964 edi·
860 2910 970 2978 deatnr,
1004 2920 1058 2964 tum
1090 2910 1184 2982 ingens
1214 2911 1367 2967 mimculrmr
1396 2921 1464 2966 erat.

228 2979 314 3036 tiones
338 2989 378 3034 ct·
391 2978 556 3033 maluerant*
582 2977 653 3032 Vide
668 2995 761 3060 ''supr-a
789 2977 824 3032 sd
859 2979 960 3033 Verum
981 2978 1086 3033 celeber
1106 2979 1253 3050 ngittmdi
1274 2997 1337 3051 usus
1358 2981 1393 3035 cd
1409 2981 1464 3034 Ba-

229 3056 302 3114 ew,
320 3055 363 3102 Ἠ.
398 3047 467 3100 Tum
479 3047 610 3101 Ozotlren
626 3045 826 3118 scrrperraeca
860 3045 973 3101 ctrianos
997 3057 1026 3100 et
1047 3047 1105 3101 illas
1126 3057 1220 3118 genre·
1236 3048 1363 3102 hubam
1441 3050 1463 3092 '·
1491 3087 1495 3092 -

229 3115 500 3197 terruinatln'onehquis
516 3115 596 3169 Snnk.
613 3115 730 3197 iulaeid.
748 3115 823 3170 Voss
859 3123 914 3181 net,
932 3133 1000 3195 quae
1016 3115 1261 3198 arca·potis·simum
1277 3117 1318 3170 uti
1331 3117 1386 3172 sole
1427 3125 1460 3198 f*

230 3182 824 3331 ustualnatoln‘an
859 3181 1246 3322 uentorum
1269 3194 1462 3335 narra

196 3347 197 3352 κ
227 3337 281 3376 non
289 3321 430 3374 crederem.
451 3320 540 3373 Ensm
549 3319 619 3374 Flor.
628 3318 690 3373 FGI
701 3321 824 3373 Ozotrea
859 3319 916 3372 h.l.
933 3335 991 3373 eam
1017 3321 1238 3391 pennatationem
1263 3322 1461 3392 particularum,

232 3449 234 3452 ,
261 3395 283 3456 5.
301 3395 343 3442 42.
370 3390 402 3441 Si
409 3389 531 3458 forsitan
540 3390 684 3458 sagittandi
691 3417 724 3428 --
729 3389 825 3457 possit,
859 3403 927 3509 gase
944 3387 1006 3440 abbi
1019 3388 1076 3441 sine
1089 3388 1242 3457 dnbiol'ait,
1257 3399 1382 3472 patemus
1396 3407 1462 3444 esse.

227 3466 320 3511 tomos.
364 3457 396 3510 Si
420 3473 480 3510 cum
506 3455 669 3510 coniunctim
698 3471 726 3508 se
746 3463 825 3508 neate
883 3455 901 3508 f.
918 3455 954 3507 ad
970 3463 1073 3522 v1,29.
1109 3459 1261 3527 Scyr'uondr
1304 3458 1384 3512 rimus
1405 3459 1462 3512 edi·

227 3531 312 3580 tamen
338 3533 391 3577 nou
416 3541 476 3578 raro
499 3541 549 3595 pro
570 3526 619 3576 ent
639 3471 825 3593 pomieno
858 3523 898 3576 dit
914 3524 999 3578 Aldus
1020 3542 1054 3577 ex
1076 3524 1227 3580 coniectura
1318 3527 1460 3594 verissima,

226 3591 332 3647 docent.
366 3591 624 3663 compostum
641 3589 825 3672 e120ic.de
858 3609 918 3644 nam
936 3592 963 3644 in
980 3593 1056 3646 codd.
1069 3596 1238 3663 estscyr‘ttis.
1273 3594 1397 3676 Denique
1413 3611 1461 3648 err

145 3713 149 3722 Α
227 3661 374 3726 Offirmc
389 3665 405 3714 8
422 3669 491 3713 extr.
527 3660 642 3713 Adiuvat
662 3668 742 3712 ettam
759 3675 825 3712 non·
858 3659 921 3713 laec
938 3677 1027 3714 omnes
1044 3660 1130 3715 nostri
1155 3669 1184 3714 et
1201 3661 1282 3715 Snsk.
1300 3664 1404 3718 codroec
1421 3663 1462 3716 in-

111 3797 112 3800 *
226 3725 522 3798 nihilbppositumillud
531 3726 824 3798 sorriton,·sicutspud
857 3743 933 3780 verso
947 3729 1086 3782 verbomm
1102 3727 1204 3798 ordine,
1221 3729 1266 3801 qni
1279 3731 1361 3784 estin
1374 3731 1479 3784 editis»

103 3858 107 3864 ¹
227 3795 283 3850 (lie
300 3797 334 3848 sd
347 3797 406 3848 au
415 3809 444 3862 r,
461 3803 479 3848 4
495 3797 563 3849 iam.-
583 3814 652 3849 nanc
668 3797 693 3848 σι’
709 3797 763 3847 tom
780 3811 823 3848 res
892 3793 1010 3865 Capto,
1027 3799 1096 3865 §.2-
1105 3813 1226 3868 pugnarn
1239 3801 1367 3852 invadunt
1380 3817 1461 3863 ποιη-

84 3903 87 3908 .
224 3867 342 3934 pluceat,
368 3865 465 3932 opendt'
482 3873 565 3916 tamen
582 3866 650 3917 uam
666 3879 719 3916 non
736 3864 824 3929 niden·
857 3865 1011 3936 τικώτερον
1036 3864 1139 3918 dictum
1160 3883 1186 3936 p.
1211 3863 1304 3919 ineunt
1329 3883 1350 3920 s.
1372 3865 1399 3920 in
1449 3897 1461 3910 ·

89 3945 114 3960 '¹
226 3939 258 3985 at
274 3947 379 4000 necesse
396 3947 449 3983 non
466 3929 501 3984 sit
519 3931 705 3985 cumlunioet
718 3929 822 4000 reliquis
856 3931 974 3999 dinntur,
992 3932 1061 3986 sicat
1076 3933 1157 3987 etiam
1174 3936 1301 3987 mnodum
1318 3937 1388 3988 boor
1431 3953 1460 3987 a·

227 4003 276 4068 'etsi
296 3999 434 4069 corrigere.
470 3997 523 4052 Sed
549 4009 632 4053 tamen
657 4015 715 4052 eam
741 3998 823 4070 ipsam
857 3999 923 4054 citus
936 4017 952 4052 a
965 3999 1067 4071 vulgari
1080 4009 1258 4055 usaremotus
1270 4001 1343 4055 dicit.
1366 4001 1460 4082 Neque

224 4069 260 4122 ob
276 4075 392 4121 ‘ucumm
406 4067 562 4120 serrandum
582 4076 636 4134 est,
664 4083 741 4138 quam
762 4083 822 4120 uam
856 4068 925 4121 enim
947 4069 981 4121 de
1003 4068 1109 4122 turbido
1131 4067 1251 4139 ingressu
1274 4069 1459 4138 intellexerim,

774 4134 822 4256 n
856 4135 1461 4276 sinemurensem:-

226 4272 284 4344 quis
294 4270 404 4343 opinari,
422 4271 544 4326 Curtium
562 4272 610 4325 boc
626 4271 679 4324 lere
696 4270 820 4325 voluisse:
856 4273 901 4324 scd
918 4281 949 4324 at
967 4271 1037 4326 idem
1054 4277 1134 4344 poeta
1151 4274 1219 4327 Aen.
1236 4279 1263 4340 ³,
1281 4279 1331 4328 882
1350 4245 1458 4341 uicinos:

225 4340 276 4394 etsi
297 4357 365 4393 nanc
386 4339 491 4411 quidem
513 4337 539 4392 in
556 4349 611 4392 tam
628 4338 723 4420 celebri
740 4339 822 4418 sagit-
856 4341 957 4410 ignore,
970 4357 1058 4410 paros
1075 4343 1200 4396 invadere
1212 4350 1307 4413 pmm
1324 4341 1394 4396 dixit
1409 4359 1459 4415 pm

225 4407 300 4464 tandi
315 4425 365 4462 usu
381 4407 465 4462 minus
482 4407 640 4462 mmimbilis
661 4406 706 4460 rlla
723 4423 767 4484 aas
782 4425 821 4460 vr·
856 4410 965 4461 intrare.
