3336 5066
594 351 643 422 nn
671 351 798 406 unsrrs
825 353 934 404 max.
967 353 1004 420 v,
1033 350 1074 402 1⁴.
1385 324 1457 402 187

162 555 194 602 11
211 531 361 607 barbari
386 531 546 627 credant,
572 535 690 634 ipsum
715 559 839 632 regern
864 532 901 604 in
929 533 1054 606 cestris
1082 555 1172 605 esse.
1226 532 1404 626 Cetemm,
1431 535 1462 608 si

212 644 308 716 forte
321 643 585 720 Ariobarzanes
612 645 852 743 cognovisset,
879 669 944 741 per
969 643 1110 716 callium
1123 645 1305 721 anfractus
1316 649 1462 738 intrare,

214 764 253 825 et
279 753 328 827 ad
359 757 608 854 occupandum
642 755 711 827 iter
742 779 848 828 suum
874 765 1014 852 partem
1039 755 1224 851 copiarum
1250 765 1464 853 temptasset

215 889 410 964 opponere,
437 863 607 937 Craterus
635 890 717 938 eum
744 865 843 938 illato
869 877 1008 938 terrore
1034 865 1214 954 retineret,
1241 865 1289 938 ad
1314 869 1463 964 propius

164 994 197 1041 rc
215 977 415 1074 periculum
441 998 700 1049 conversurum
732 1001 880 1074 agmen:
916 975 971 1048 sin
998 983 1118 1046 autem
1144 977 1221 1072 ipse
1248 978 1389 1051 hostem
1414 979 1463 1050 fe·

216 1089 376 1173 fellisset,
404 1095 442 1158 et
467 1086 599 1160 saltum
627 1095 857 1184 occupasset,
894 1111 976 1158 cum
1010 1084 1267 1181 trepidantium
1294 1088 1464 1161 barbaro'·

216 1221 299 1268 rum
325 1197 520 1270 tumultum
546 1197 765 1286 exaudisset,
792 1194 1100 1294 [persequentium
1113 1197 1262 1296 regem]
1288 1197 1326 1270 id
1346 1197 1464 1296 ipsum

215 1307 295 1398 iter,
322 1333 393 1406 quo
420 1309 534 1406 pridie
561 1309 654 1406 pulsi
679 1303 832 1394 fu‘crant,
868 1331 914 1380 ne
940 1307 1122 1380 dubitaret
1147 1306 1303 1404 ingredi:
1332 1309 1464 1407 quippe

215 1443 373 1492 vacuum
398 1421 486 1510 fore,
513 1419 677 1491 hostibus
703 1419 739 1490 in
766 1428 881 1490 semet
907 1418 1052 1490 aversis.
1132 1475 1135 1482 .

164 1549 197 1596 11
319 1528 402 1628 lpse
436 1531 545 1602 tertia
579 1529 701 1626 vigilia
726 1529 845 1601 silenti
871 1529 1031 1626 agmine,
1066 1553 1109 1602 ao
1134 1554 1181 1602 ne
1205 1531 1295 1604 tuba
1320 1529 1514 1626 quideml5

217 1641 305 1712 dato
337 1640 455 1736 signo,
490 1640 608 1738 pergit
643 1639 690 1712 ad
722 1638 1008 1712 demonstratum
1042 1639 1111 1713 iter
1138 1641 1288 1714 callium.
1340 1639 1466 1712 Tridui

165 1769 200 1817 ra
217 1751 389 1823 alimenta
427 1760 574 1847 portare
614 1751 763 1823 militem
795 1750 949 1824 iusserat
983 1752 1111 1824 leviter
1141 1761 1329 1824 armatum.
1391 1748 1465 1824 Sed

216 1871 363 1960 praeter
387 1863 503 1934 invias
529 1887 637 1960 rupes
666 1883 709 1933 ac
733 1871 930 1959 praerupta
956 1887 1060 1952 saxa,
1092 1862 1285 1959 vestigium
1311 1860 1464 1936 subinde
1492 1940 1496 1951 ,

215 1973 387 2061 fallentia,
412 1974 477 2045 nix
503 1975 685 2046 cumulata
710 1979 821 2044 vento
847 1971 1087 2070 digredientes
1113 1972 1305 2070 fatigabat:
1334 1973 1466 2070 quippe

216 2083 382 2157 velutin
407 2085 532 2156 foveas
559 2080 670 2156 delati
695 2082 969 2174 hauriebantur,
1003 2095 1147 2184 etcum
1173 2108 1196 2155 a
1221 2082 1465 2156 commilitoni·

216 2194 287 2266 bns
313 2194 565 2284 allevarentur,
592 2194 786 2267 trahebant
811 2195 925 2290 magis
952 2194 1181 2283 adinventae,
1198 2208 1316 2290 ‘quam
1342 2217 1465 2290 seque·

164 2324 200 2373 11
217 2303 361 2377 bantur.
409 2303 494 2378 Nox
520 2329 672 2402 quoque,
699 2315 737 2378 et
759 2305 886 2402 ignota
911 2305 1020 2401 regio,
1047 2330 1090 2377 aa
1116 2303 1192 2377 dux
1217 2305 1392 2376 incertum
1418 2329 1466 2376 an
1569 2293 1571 2302 ’

218 2416 307 2488 satis
340 2414 452 2504 fidus,
488 2415 774 2513 multiplicabant
806 2425 962 2486 metum:
1004 2417 1033 2488 si
1069 2413 1237 2488 custodes
1271 2414 1464 2505 fefellisset,

253 2602 279 2663 s.
299 2603 339 2652 la.
366 2615 417 2666 per
434 2599 542 2651 callium
560 2600 698 2668 anfractus
716 2599 826 2662 inuare,
896 2596 962 2668 Cap.
984 2603 1027 2662 15,
1055 2601 1079 2663 S.
1100 2603 1139 2650 18.
1175 2600 1351 2652 allevarentur
1374 2613 1465 2651 omnes

218 2665 273 2720 scil.
292 2683 330 2733 se,
348 2667 419 2737 quod
437 2683 497 2719 cum
515 2665 584 2718 ambi
622 2683 666 2718 um
681 2663 827 2718 1111101111-
862 2664 922 2718 libn'
948 2664 1032 2718 nostri
1055 2683 1112 2718 cum
1133 2665 1205 2718 Leid.
1225 2665 1301 2719 Voss.
1323 2675 1352 2732 l,
1370 2673 1466 2736 estque

218 2734 254 2788 ait
278 2734 370 2806 potius
393 2743 494 2788 auctor.
530 2684 730 2805 Edfpraeter
747 2734 823 2788 Mod.
862 2733 912 2786 hoc
928 2734 1075 2786 sustinendi
1099 2733 1269 2805 erigendiqua
1291 2750 1369 2787 sensu
1386 2733 1467 2805 longa

217 2820 284 2866 ema,
302 2803 375 2874 quod
393 2804 420 2856 in
438 2802 511 2856 nullo
529 2811 598 2856 msto
616 2811 666 2855 est.
860 2801 1025 2871 frequentius
1044 2819 1123 2871 quam
1141 2801 1212 2872 vulg.
1230 2805 1386 2855 levarentur.

256 2871 385 2924 Craterus
403 2889 460 2924 eum
478 2902 512 2910 -
530 2871 652 2924 retineret
670 2902 705 2912 —-
721 2887 827 2924 conuer-
896 2876 920 2936 5.
942 2879 981 2924 19.
1017 2872 1141 2922 irreertum
1164 2889 1199 2922 uu
1217 2873 1284 2924 sotis
1292 2871 1390 2992 fimi
1418 2871 1465 2924 Ia·

218 2943 320 3008 sursaa]
366 2939 456 3010 Vulgo
485 2941 514 2991 111
543 2957 599 2993 eum
626 2941 701 2992 illoto
728 2949 827 2992 terrore
862 2949 947 2992 certus
970 2938 1041 2992 Flor.
1067 2938 1208 2992 cnnnffl
1227 2938 1349 2992 Bem.B
1391 2938 1425 2992 al.
1450 2945 1463 2993 1

216 3009 543 3062 retineret-couversum
558 3024 661 3077 agmen,
680 3023 734 3060 non
744 3007 827 3088 plane
861 3006 941 3060 Voss.
963 3014 978 3060 2
1010 3013 1109 3073 (totum
1137 3023 1246 3077 gregem
1277 3015 1466 3078 comptorum

216 3075 318 3198 {tlh
336 3075 827 3198 restaurarent·
861 3073 1467 3215 theacla)...mentetua..uit

809 3183 825 3209 ·1
1065 3183 1071 3209 s

216 3213 825 3352 tltttttlbt’ththtttftt
861 3222 994 3332 {filil
1012 3211 1466 3334 tlttl'ttttllsllsh

218 3350 305 3403 diurm
330 3365 387 3402 esse
404 3358 436 3402 ut
453 3349 617 3402 constructio
635 3349 824 3402 absolveretur.
860 3348 920 3401 libri
942 3367 1002 3400 mss.
1030 3351 1117 3415 (certe
1140 3348 1224 3401 nostri
1250 3349 1284 3401 de
1308 3349 1403 3419 quibus
1425 3357 1466 3402 te-

218 3418 320 3471 Vcrum
347 3417 438 3470 melius
461 3417 605 3471 subsidium
623 3425 678 3482 cst,
706 3417 728 3470 si
754 3417 825 3488 quod
860 3417 925 3469 stari
943 3435 1090 3487 possusnus,
1110 3434 1169 3469 nam
1188 3417 1268 3471 Snak.
1289 3417 1361 3485 silet)
1378 3418 1465 3470 msslts'-

218 3499 261 3540 cst
278 3503 427 3540 maaersum
445 3486 602 3538 unendstur
618 3494 651 3538 ut
667 3485 703 3538 sit
720 3503 825 3538 conun-
856 3487 984 3553 plicabat,
1004 3503 1062 3538 curn
1080 3484 1202 3538 ineditis
1220 3484 1272 3538 iam
1291 3485 1354 3539 olim
1372 3485 1466 3539 fuisset

218 3571 310 3608 sunem
328 3555 471 3608 secundum
489 3553 562 3607 Leid.
582 3553 660 3607 Voss.
680 3561 692 3606 1
712 3553 783 3606 Flor.
799 3556 825 3606 A
860 3569 984 3606 numerus
1003 3553 1119 3623 pluralis.

219 3621 285 3678 OG:
303 3630 361 3676 tum
383 3624 436 3676 duo
457 3622 516 3676 cola
534 3623 601 3674 fiunt
621 3622 748 3675 Craterus
766 3639 823 3674 eum
893 3624 919 3674 si
941 3625 1058 3674 custodes
1078 3623 1222 3692 fefellisset
1267 3622 1341 3676 Libri
1358 3639 1419 3674 mss.
1437 3627 1467 3676 et

218 3693 339 3745 retineret
357 3699 385 3744 et
402 3693 554 3761 quinquen
569 3700 823 3744 conumurusesset.
857 3691 918 3742 cdd.
936 3699 1003 3743 vett.
1012 3692 1180 3760 fefellissent.
1244 3699 1388 3762 uapropter
1406 3691 1466 3744 Mo-

254 3765 278 3826 s.
298 3767 338 3813 lc.
369 3777 450 3828 perse
468 3761 582 3812 nentium
600 3777 686 3828 regem
704 3757 825 3829 plerique
859 3758 917 3810 dius
945 3761 998 3812 nisi
1012 3761 1174 3828 fefellissent
1198 3759 1214 3811 i.
1233 3777 1256 3812 e.
1283 3760 1331 3812 nisi
1350 3759 1467 3812 laterent

218 3828 377 3898 interpretas
411 3777 621 3880 additamentum
659 3827 824 3880 librariorum
859 3826 972 3880 coniecit
998 3844 1029 3880 ac
1055 3827 1233 3880 tumultuatur
1265 3829 1337 3898 quod
1367 3843 1466 3897 operae

218 3913 272 3950 non
290 3913 354 3949 sane
371 3896 512 3948 verborum
531 3895 673 3965 potestatis
702 3913 824 3948 naromm
860 3911 914 3948 non
940 3895 1082 3966 punierint.
1127 3895 1200 3948 Nihil
1232 3905 1320 3950 tumen
1346 3896 1464 3965 apertius

218 3965 274 4019 iure
291 3964 457 4029 existinrant,
483 3981 569 4034 nsque
592 3964 662 4016 enim
682 3913 719 4016 dc
736 3981 824 4033 perse·
859 3981 939 4035 quam
948 3964 1139 4016 emendandum
1147 3981 1204 4017 csse
1204 3967 1355 4035 fefellisset,
1367 3963 1465 4035 quippe

217 4033 340 4102 cutione,
367 4035 412 4086 sen
437 4031 479 4084 vel
495 4034 530 4085 ‹le
547 4032 713 4100 defensione,
732 4032 774 4085 vel
792 4033 826 4085 de
860 4049 920 4086 sum
936 4034 971 4084 ‹le
989 4049 1041 4085 uno
1059 4033 1125 4086 duce
1143 4049 1228 4086 sermo
1246 4034 1298 4097 sit,
1316 4032 1361 4102 qui
1378 4032 1401 4085 si
1418 4051 1465 4086 au·
1493 4090 1498 4101 ,

218 4103 283 4172 fuga
313 4103 488 4155 barbarorum
527 4101 705 4170 cogitabatur.
750 4100 825 4154 Libri
860 4101 972 4171 fugisset
995 4101 1138 4180 periculum
1161 4111 1220 4153 crat
1247 4119 1280 4153 ne
1299 4110 1370 4154 totus
1388 4117 1464 4155 exsr-

218 4178 308 4223 tamen
335 4187 425 4225 omnes
447 4169 498 4222 sibi
523 4177 659 4236 constant,
688 4168 736 4222 nisi
754 4169 825 4239 quod
861 4170 928 4223 citus
945 4179 1045 4239 periret
1063 4168 1090 4221 in
1108 4169 1257 4223 solitudine.
1281 4169 1364 4222 Recte
1382 4169 1465 4239 igitur

219 4238 247 4291 in
265 4239 450 4320 sigebergensi
469 4239 575 4292 Modius
600 4240 723 4308 persequi
740 4255 826 4307 repem
860 4237 1054 4290 Freinshemius
1072 4237 1167 4291 Sebisii
1191 4239 1368 4292 coniecturam
1392 4254 1465 4292 reoc-
1538 4303 1541 4308 Ι

219 4305 349 4360 invenisse
375 4324 431 4360 sese
458 4307 548 4361 tradit.
588 4306 692 4377 Sequor
709 4305 826 4358 eiusdem
861 4306 909 4376 pit.
946 4307 1010 4359 Mox
1035 4315 1106 4358 rocta
1133 4305 1225 4360 dicunt
1247 4307 1274 4360 in
1301 4306 1377 4359 unius
1396 4306 1465 4359 illius

219 4374 323 4442 Medii,
350 4375 540 4442 Freinshemii,
573 4375 679 4429 Cellarii
699 4373 825 4428 iudicium
861 4374 935 4427 ducis
958 4375 1000 4427 vel
1024 4375 1075 4427 fulc
1099 4376 1140 4427 vel
1162 4378 1252 4429 aalma
1277 4375 1325 4430 niti
1351 4375 1465 4429 sulutem

218 4443 293 4498 uncis
310 4442 356 4496 illa
373 4445 454 4498 verba
472 4443 694 4498 cirumscribens.
861 4461 943 4497 suam.
979 4444 1024 4497 Sic
1043 4443 1148 4497 Modius
1166 4443 1278 4514 primus,
1306 4451 1385 4496 antea
1402 4444 1467 4496 cde·
