3260 5042
220 287 270 404 db.
469 349 474 360 ·
686 351 720 414 Q·
748 351 872 404 cunrii
896 352 988 422 auri.

218 531 315 606 sidiis
340 537 469 602 cuncta
494 529 659 624 firmavit,
685 544 930 632 occupatoque
956 535 1093 620 itinere,
1120 533 1214 612 sicut
1238 535 1346 629 paulo
1373 543 1460 604 ante·

218 639 353 712 dictum
379 649 444 730 est,
470 640 565 716 idem
591 653 629 716 et
653 653 778 717 auctor
803 655 841 716 et
864 642 1012 714 nuntius
1040 640 1148 712 venit
1195 641 1298 713 Isson
1325 641 1454 716 deinde
1477 665 1503 713 a

217 773 285 822 rex
320 751 440 848 copias
480 751 659 826 admovit:
697 752 759 824 ubi
795 751 943 822 consilio
977 747 1118 834 habito,
1160 759 1330 822 utrumne
1362 753 1457 822 ultra

217 859 517 958 progrediendum
543 865 651 946 foret,
676 884 723 930 an
749 858 798 928 ibi
822 855 1034 955 opperiendi
1059 865 1181 928 essent
1206 858 1292 928 novi
1316 860 1456 949 milites,

218 994 308 1067 quos
322 995 369 1044 ex
382 970 590 1043 Macedonia
614 966 809 1040 adventare
836 966 1037 1056 constabat,
1051 964 1241 1038 Parmenio
1261 990 1335 1038 non
1348 968 1457 1040 alium

216 1081 336 1156 locum
361 1079 495 1178 proelio
527 1077 701 1173 aptiorem
726 1101 805 1150 esse
831 1078 1009 1152 censebat
1059 1072 1201 1174 Quippe
1226 1077 1298 1150 illic
1324 1077 1494 1150 utrius-s

135 1204 138 1211 '
217 1213 287 1286 que
313 1187 407 1283 regis
433 1186 554 1283 copias
580 1211 728 1262 numero
753 1189 891 1262 tiituras
910 1213 1028 1286 pares,
1048 1211 1129 1257 cuni
1155 1188 1343 1282 augustiae
1368 1187 1457 1258 mul·

216 1297 407 1370 titudinem
432 1321 505 1368 non
530 1309 716 1397 caperent:
741 1299 924 1395 planitiem
951 1298 1281 1392 ipsis‘oamposque
1309 1320 1388 1371 esse
1405 1298 1455 1368 vi·

156 1427 162 1437 ’
216 1405 364 1498 andos,
403 1405 466 1479 ubi
500 1408 707 1497 circumiri,
729 1407 791 1480 ubi
825 1406 970 1502 ancipiti
1005 1405 1081 1478 acie
1116 1405 1270 1504 opprimi
1295 1416 1455 1502 possent

217 1513 367 1607 Timere,
394 1541 440 1589 ne
464 1542 538 1590 non
564 1519 696 1590 virtute
721 1516 894 1606 hostium,
920 1514 986 1589 sed
1011 1514 1222 1590 lassitudine
1248 1541 1314 1588 sua
1338 1515 1456 1588 vince·

216 1636 350 1706 rentur.
384 1625 513 1699 Persas
539 1637 700 1699 recentes
725 1626 877 1700 subinde
903 1650 1142 1715 successuros,
1156 1625 1187 1696 si
1212 1626 1330 1698 laxius
1357 1635 1454 1698 stare

216 1737 428 1833 potuissent
474 1733 591 1809 Facile
622 1736 713 1807 ratio
744 1747 821 1808 tam
842 1735 1007 1808 salubris
1041 1734 1177 1806 consilii
1209 1745 1358 1832 accepta
1389 1745 1516 1807 est10

216 1843 344 1939 Itaque
368 1845 462 1916 inter
488 1843 670 1939 angustias
696 1844 808 1916 saltus
833 1845 981 1917 hostem·
1001 1844 1159 1942 opperiri
1185 1844 1321 1918 statiiit
1437 1895 1442 1902 -

167 1951 214 2023 18
257 2007 276 2056 3
319 1951 410 2026 Erat
446 1953 484 2026 in
525 1954 683 2026 exercitu
722 1955 815 2052 regis
861 1951 1003 2028 Sisenes
1039 1952 1183 2026 Perses:
1224 1951 1406 2048 quondam
1433 1979 1456 2026 a
1475 1978 1512 2024 ir

216 2071 383 2161 praetore
408 2063 567 2162 Aegypti
598 2064 726 2136 missus
756 2063 806 2136 ad
830 2064 1055 2164 Philippum,
1092 2061 1269 2158 donisque
1296 2072 1335 2136 et
1359 2065 1456 2136 omni

216 2173 353 2246 honore
367 2173 494 2264 cultus,
507 2173 653 2246 exilium
663 2175 781 2270 patria
805 2174 892 2248 sede
916 2177 1139 2248 mutaverat:
1166 2180 1311 2245 secutus
1325 2171 1455 2246 deinde

215 2282 253 2356 in
278 2281 404 2378 Asiam
429 2281 685 2373 Alexandrum,
711 2271 812 2357 inter
829 2284 953 2360 fideles
980 2286 1096 2358 socios
1122 2279 1334 2364 habebatur.
1361 2280 1455 2356 Huic
1474 2309 1512 2356 ia

218 2392 406 2489 epistolam
432 2389 610 2466 Cretensis
636 2395 737 2466 miles
769 2395 995 2492 obsignatam
1022 2395 1149 2482 anulo,
1185 2392 1285 2464 cuius
1313 2394 1454 2489 signum

215 2499 315 2575 haud
340 2527 426 2575 sane
450 2513 578 2576 notum
603 2513 690 2592 erat,
715 2503 872 2576 tradidit.
917 2504 1147 2606 Nabarzanes
1173 2513 1320 2600 praetor
1346 2501 1455 2576 Darei

216 2611 364 2686 miserat
389 2638 477 2704 eam,
503 2612 784 2709 hortabaturque
811 2611 982 2707 Sisenem,
1008 2626 1051 2688 ut
1076 2613 1225 2710 dignum
1246 2611 1381 2708 aliquid
1394 2639 1455 2687 no·

216 2722 356 2795 bilitate
382 2732 490 2818 atque
515 2723 672 2796 moribus
699 2726 771 2796 suis
798 2725 931 2814 ederet,
946 2751 1078 2821 magno
1093 2722 1131 2795 id
1153 2724 1186 2794 ei
1211 2721 1308 2821 apud
1334 2710 1456 2820 regem

178 2903 180 2908 .
217 2833 344 2905 honon'
365 2832 457 2906 fore.
509 2830 585 2904 Has
611 2833 748 2905 litteras
776 2829 927 2923 Sisenes,
954 2845 1081 2930 utpote
1107 2832 1285 2921 innoxius,
1312 2831 1360 2904 ad
1373 2833 1455 2905 Ale·
1474 2861 1508 2908 is

216 2940 399 3014 xaudrum
425 2967 531 3039 saepe
558 2941 694 3014 deferre
721 2945 927 3040 temptavit3
955 2944 1020 3017 sed
1046 2969 1128 3017 cum
1154 2952 1212 3016 tot
1236 2943 1329 3028 curis
1349 2969 1454 3040 appa-

216 3040 370 3148 ratuque
395 3053 479 3124 belli
504 3077 626 3148 regem
650 3051 791 3126 videret
812 3055 943 3148 urgeri,
976 3055 1095 3152 aptius
1117 3051 1280 3126 subinde
1311 3063 1454 3150 tempus

217 3169 425 3259 expectans,
452 3162 689 3257 suspicionem
714 3163 793 3236 initi
819 3164 958 3236 scelesti
985 3161 1121 3237 consilii
1139 3164 1313 3261 praebuit
1349 3161 1454 3234 Nam·
1473 3183 1506 3230 14

169 3341 172 3346 r
218 3295 288 3370 que
314 3271 474 3370 epistola,
499 3273 706 3369 priusquam
733 3273 764 3343 ei
790 3271 1011 3364 redderetur,
1038 3275 1076 3346 iii
1101 3297 1230 3376 manus
1256 3270 1455 3344 Alexandri

216 3459 816 3610 {reserantesmeiitt
849 3462 1015 3597 tetra
1028 3462 1454 3600 marmarum:

217 3597 286 3650 hanc
302 3595 483 3674 Parmenionis
505 3613 560 3649 sive
577 3596 663 3650 Curtii
688 3605 816 3650 rationem
849 3617 901 3652 riori
918 3598 1063 3668 opponitur
1079 3598 1087 3650 i
1154 3598 1228 3650 uenti
1245 3599 1301 3650 red.

154 3723 156 3726 ,
217 3681 252 3718 ex
269 3673 380 3716 eventu:
403 3663 528 3734 proelium
546 3664 616 3716 enim
632 3681 664 3718 eo
681 3665 737 3735 ipso
759 3663 816 3718 loco
884 3665 950 3737 Cap.
970 3673 1012 3732 18,
1039 3669 1062 3734 ς’.
1082 3673 1122 3718 11.
1155 3667 1248 3718 'irenes
1265 3665 1372 3731 Persei]
1409 3663 1453 3718 Sic

217 3731 382 3786 commissum
399 3739 449 3798 est,
467 3731 539 3802 quod
559 3740 615 3785 tuin
632 3749 680 3786 rex
697 3749 816 3803 nonspa-
850 3750 946 3786 nomen
972 3733 1083 3787 hominis
1106 3741 1139 3800 ¹et
1163 3734 1190 3786 h.
1218 3733 1235 3786 1.
1261 3741 1290 3785 et
1311 3741 1404 3802 postea
1426 3733 1453 3785 iii
1511 3741 1513 3744 '

161 3799 167 3814 ⁸
216 3801 295 3854 rabat
313 3801 440 3866 futurum.
850 3801 971 3854 omnibus
987 3802 1063 3856 codd.
1081 3801 1178 3854 nostris
1195 3801 1329 3868 scribitur,
1343 3817 1396 3853 non
1408 3801 1452 3853 Si·

252 3869 309 3946 §.a
327 3867 406 3920 lason
424 3867 636 3987 mindep'Vulgo
653 3869 729 3932 inda·
744 3867 816 3936 quod
850 3871 938 3922 rimer.
960 3869 1033 3922 Edit.
1052 3887 1091 3939 pr.
1110 3868 1161 3922 hoo
1177 3869 1284 3949 quidem
1298 3868 1356 3922 looo
1373 3876 1402 3921 et
1413 3868 1451 3920 al·

216 3933 345 3989 edidimus
369 3935 395 3987 in
420 3933 494 3986 Leid.
547 3953 595 3988 oss.
622 3945 632 3986 1
666 3943 694 3988 et
720 3937 816 3988 nostris
850 3945 908 3990 tero
926 3939 1042 4002 Sisines,
1060 3936 1140 3990 tertio
1160 3938 1274 3990 Sirenes.
1302 3937 1383 4006 Apud
1400 3937 1451 3989 Ar-

169 4009 175 4017 ’
216 4020 271 4056 uno
286 4002 358 4056 Flor.
378 4001 407 4055 Ο·
424 4011 534 4072 excepto
558 4002 696 4056 invenitur.
732 4003 816 4057 Paulo
849 4004 952 4058 riarium
970 4019 1025 4070 vii,
1044 4012 1059 4058 6
1077 4010 1192 4066 Σισίνης
1209 4004 1351 4057 invenitur.

216 4078 278 4142 post
294 4072 354 4124 novi
372 4072 464 4122 milites
483 4079 586 4124 mutato
607 4071 747 4125 verborum
772 4089 816 4124 or·
883 4076 955 4140 §.12¹
974 4074 1163 4138 Nabarzanes]
1184 4073 1369 4125 Nabarzanes
1379 4071 1452 4124 Leid.

168 4173 170 4178 .
219 4138 280 4190 dine
314 4137 462 4218 scripsimus
496 4137 644 4192 auctoribus
678 4138 758 4192 Bern.
789 4141 816 4192 A
849 4141 918 4194 Voss
939 4150 950 4194 1
970 4142 1051 4194 Bern.
1069 4146 1094 4192 A
1111 4139 1182 4193 Flor.
1199 4139 1234 4206 B,
1253 4141 1452 4193 Narabozoaus

216 4205 288 4259 Flor.
306 4205 330 4260 B
349 4207 426 4260 bosa.
446 4213 467 4258 i.
849 4208 971 4262 Bern.B
997 4208 1068 4261 Flor.
1087 4207 1115 4260 H
1140 4208 1217 4260 Voss.
1240 4214 1266 4272 2,
1293 4207 1359 4260 item
1386 4208 1452 4259 inire

252 4277 276 4342 ξ.
295 4282 319 4328 9.
346 4276 459 4342 opprimi
473 4277 601 4395 possemp-
618 4273 724 4326 Possint
740 4273 814 4328 Leid.
849 4293 871 4328 a
889 4283 922 4330 28
950 4277 977 4328 in
1004 4275 1054 4328 illis
1077 4274 1149 4328 libris
1167 4275 1288 4329 omnibus
1308 4277 1452 4328 Nabarza·

215 4342 293 4397 Voss.
313 4349 324 4395 l
344 4341 425 4394 Bern.
451 4351 496 4394 ute
530 4359 562 4395 ue
602 4342 649 4394 lor.
667 4340 728 4406 cii,
788 4361 814 4396 a·
849 4362 907 4396 aas.
942 4344 997 4397 Sed
1014 4343 1041 4396 in
1059 4342 1127 4398 libro
1145 4357 1165 4394 v
1190 4345 1368 4396 Nabarzanes
1391 4360 1452 4394 cori·

140 4433 144 4439 ·
215 4419 272 4464 iem
286 4412 399 4481 opprimi
416 4408 487 4464 Flor.
516 4416 550 4465 ⁴1.
576 4411 641 4464 Mox
658 4409 726 4464 iiiale
742 4359 813 4464 Sibi.
849 4419 951 4466 stanter
976 4411 1107 4466 scribitur.
1143 4411 1213 4466 Turn
1236 4421 1313 4480 utque
1336 4413 1450 4464 moritus
