3324 5054
209 299 294 372 104'
438 393 440 398 Ι
679 316 712 380 o
740 315 864 378 curru
888 317 975 370 auru

205 498 307 594 regio
338 521 450 592 usque
485 495 533 569 ad
565 501 713 574 rubrum
738 527 836 576 mare
862 501 1031 576 excurrit
1083 502 1234 596 Atque
1258 499 1378 597 vergit
1401 495 1450 569 ad
1469 513 1501 561 1⁹

207 608 438 698 occidentem,
463 610 522 683 alii
546 611 741 711 Aethiopes
766 615 898 700 colunt,
924 635 1016 706 quos
1041 608 1205 684 Scenitas
1229 622 1373 684 vocant
1414 608 1451 680 A

209 720 464 816 septemtrione
501 719 720 796 Nasamones
755 729 855 806 sunt,
898 743 988 814 gens
1023 716 1183 814 Syrtica,
1225 721 1451 816 navigiorum

209 830 331 928 spoliis
357 843 588 928 quaestuosa3
624 831 754 926 quippe
780 826 947 899 obsident
972 827 1093 918 litora,
1131 839 1168 900 et
1202 839 1307 900 aestu
1343 827 1450 900 desti-

210 949 291 1015 tuta
323 944 467 1039 navigia
497 939 591 1012 notis
625 938 692 1010 sibi
726 937 828 1010 vadis
864 953 1051 1033 occupant
1112 937 1254 1012 Incolae
1281 939 1449 1027 nemoris,
1467 958 1502 1006 so

209 1079 299 1150 quos
313 1050 544 1124 Hammonios
571 1059 711 1138 vocant,
724 1047 893 1145 dispersis
920 1049 1072 1145 tugruiis
1097 1049 1273 1140 habitant,
1292 1048 1450 1124 medium

208 1187 335 1238 nemus
361 1183 427 1256 pro
454 1183 535 1230 arce
561 1157 704 1249 babent,
730 1159 859 1258 triplici
884 1185 987 1234 muro
1013 1158 1284 1234 circumdatum.
1330 1161 1500 1234 Primam

208 1271 360 1342 munitio
393 1281 628 1367 tyrannorum
662 1281 822 1346 veterem
855 1272 990 1370 regiam
1024 1269 1168 1344 clausit:
1212 1271 1250 1342 in
1284 1273 1452 1367 proxima

210 1378 378 1478 coniuges
405 1404 529 1454 eorum
555 1406 635 1453 cum
660 1382 779 1464 liberis
806 1393 843 1456 et
869 1384 1053 1480 pellicibus
1066 1382 1253 1470 babitaut;
1280 1381 1339 1454 hic
1365 1407 1450 1478 quo·

209 1514 280 1587 que
315 1489 372 1564 dei
404 1493 587 1564 oraculum
612 1503 687 1568 est:
721 1492 846 1566 ultima
875 1494 1098 1567 munimenta
1123 1493 1320 1566 satellitum
1346 1494 1450 1566 armi·

208 1625 447 1699 gerorumque
482 1603 585 1678 sedes
620 1613 730 1676 erant
782 1601 851 1676 Est
875 1613 913 1676 et
938 1603 1036 1678 aliud
1061 1602 1274 1680 Hammonis
1301 1627 1449 1678 nemus:
1467 1623 1500 1671 aa

93 1799 100 1818 .
208 1712 251 1784 in
278 1712 396 1785 medio
427 1713 538 1786 habet
570 1713 722 1802 sontem,
753 1709 861 1810 (Solis
893 1737 1024 1810 aquam
1050 1711 1222 1808 vocantz)
1257 1715 1327 1788 sub
1359 1717 1449 1789 lucis

209 1833 329 1894 ortum
355 1821 477 1920 tepida
501 1835 634 1912 manat,
658 1821 775 1895 medio
801 1821 877 1912 die,
904 1823 1004 1895 cuius
1030 1824 1366 1898 vehementissimus
1394 1839 1451 1902 est

206 1934 322 2022 calor,
353 1931 481 2032 fiigida
514 1932 640 2006 eadem
673 1932 768 2020 fluit,
800 1932 970 2006 inclinato
1004 1931 1042 2004 in
1077 1958 1268 2031 vesperam
1294 1936 1449 2028 calescit,

207 2043 331 2118 media
354 2053 460 2117 nocte
484 2041 622 2116 fervida
646 2053 850 2133 exaestuat,
885 2067 1027 2141 quoque
1052 2068 1129 2116 nox
1154 2043 1303 2142 propius
1330 2049 1450 2148 vergit

209 2153 257 2226 ad
281 2155 409 2244 lucem,
433 2154 584 2226 multum
611 2179 657 2227 ex
682 2164 857 2252 nocturno
883 2153 1001 2226 calore
1027 2152 1211 2244 decrescit,
1238 2153 1354 2231 donec
1380 2161 1448 2233 sub

210 2265 331 2362 ipsum
357 2261 426 2337 diei
451 2274 571 2338 ortum
596 2258 739 2338 assueto
765 2275 889 2362 tepore
914 2263 1133 2362 languescat
1177 2264 1230 2356 Id,
1257 2267 1357 2364 quod
1381 2297 1449 2368 pro
1466 2292 1500 2342 as

155 2369 158 2375 ’
212 2375 281 2464 deo
308 2375 451 2465 colitur,
484 2399 558 2447 non
583 2374 732 2448 eandem
759 2375 909 2472 effigiem
943 2373 1072 2464 habet,
1107 2400 1217 2472 quam
1242 2380 1354 2478 vulgo
1380 2380 1449 2455 diis

210 2487 366 2561 artifices
383 2485 755 2560 accommodaverunt:
782 2485 946 2558 umbilico
972 2485 1128 2560 maxime
1155 2487 1278 2560 similis
1305 2501 1364 2563 est
1388 2492 1450 2564 ha·

205 2595 319 2688 'bitus
346 2594 535 2694 smaragdo
562 2607 599 2669 et
623 2597 770 2694 gemmis
796 2585 1077 2694 coagmentatus
1131 2594 1254 2689 Hunc,
1287 2623 1370 2672 cum
1396 2626 1449 2675 re-
1467 2621 1501 2670 ar

246 2766 270 2832 ς.
288 2769 331 2816 22.
354 2773 392 2816 eat
412 2774 437 2816 ct
459 2764 546 2842 uliud]
569 2762 657 2842 Vulgo
678 2773 716 2816 est
733 2765 810 2816 aiom
844 2759 899 2813 sive
920 2759 976 2814 eius
998 2761 1097 2828 sonna,
1121 2761 1228 2832 species.
1268 2763 1352 2818 Nulla
1372 2765 1399 2822 in
1417 2765 1449 2818 li-

211 2833 301 2898 uliud,
324 2831 370 2884 sed
391 2842 414 2884 ct
437 2829 465 2884 in
486 2829 559 2884 libris
581 2840 655 2884 mstis
672 2830 736 2883 meis
751 2830 809 2901 qui·
844 2828 897 2882 bris
914 2828 979 2882 meis
997 2829 1109 2882 varietas
1127 2838 1181 2897 est,
1199 2847 1294 2902 resque
1311 2833 1369 2904 ipsa
1385 2834 1450 2888 satis

210 2900 272 2954 dem
294 2899 415 2953 omnibus
437 2906 466 2951 et
487 2897 514 2950 in
532 2897 605 2950 Leid.
624 2897 728 2968 legitur.
764 2897 809 2964 (In
843 2895 894 2950 iam
912 2897 1018 2950 videtur
1035 2907 1108 2951 certa
1123 2898 1222 2969 priscas
1239 2910 1335 2970 gentes
1349 2901 1449 2973 lapides

204 2967 287 3026 ,Vota
306 2975 320 3020 l
339 2975 369 3022 et
385 2964 448 3020 edic
457 2965 531 3020 Mod.
542 2965 693 3033 omittitur.)
711 2965 810 3020 Postea
843 2965 916 3019 coelo
933 2965 1062 3036 delapsos,
1082 2967 1197 3019 rotunda
1213 2969 1269 3022 sere
1287 2985 1377 3023 omnes
1395 2971 1450 3025 l'or·

209 3033 407 3104 soliemnem,
428 3034 568 3088 verborum
589 3034 680 3088 ordine
697 3032 808 3102 inverso,
842 3050 900 3098 ma,
929 3051 979 3104 pro
1000 3034 1051 3088 diis
1071 3033 1191 3088 coluisse.
1230 3037 1257 3090 A
1279 3055 1334 3118 quo
1357 3047 1449 3092 umen

310 3102 403 3173 vulgo,
425 3101 532 3172 optimi,
557 3102 699 3156 deteriores
724 3091 808 3169 (lior.
843 3100 918 3180 quasi
943 3101 1001 3172 ipae
1033 3104 1084 3156 deo
1114 3103 1169 3155 sire
1196 3104 1310 3158 numinis
1337 3105 1449 3176 pignore

207 3115 315 3240 b'sslil)
338 3171 418 3224 etiam
445 3186 587 3240 pronomen
612 3171 714 3250 addunt
735 3188 808 3239 quem
841 3171 957 3222 eiusdem
975 3171 1075 3239 rffiyr'es
1091 3171 1127 3223 ad
1142 3171 1341 3251 similitudinem
1356 3175 1449 3228 buma-

209 3242 274 3294 aota‘r
292 3258 308 3292 a
327 3257 388 3293 acm
405 3249 503 3291 vocent.
537 3237 598 3292 Hoe
617 3257 702 3308 ipsum
719 3238 809 3292 solue·
841 3254 891 3290 nae
919 3239 1018 3290 formae
1044 3255 1169 3309 expressa
1193 3256 1252 3293 rure
1280 3237 1447 3297 discernitur.

104 3325 108 3332 ·
204 3307 283 3362 ratC
337 3307 390 3360 rius
407 3305 504 3360 oblitus
521 3305 631 3360 aliorum
648 3305 763 3362 locorum
776 3316 807 3360 ut
841 3305 942 3358 Verum
961 3305 1071 3360 Tacitus
1107 3325 1123 3360 u
1160 3308 1448 3378 callist.11‚7‚8de

206 3393 265 3446 cap.
285 3381 301 3430 8
322 3375 503 3444 Hcrpuqonus
525 3381 807 3444 vocnn!‚n1,309a-
831 3376 925 3453 sermo
949 3373 1061 3428 Veneris
1088 3326 1145 3446 Hap
1165 3377 1205 3430 iae
1232 3395 1368 3458 exponens
1394 3380 1446 3434 ait:

207 3461 267 3498 sam
289 3443 390 3496 Persae
415 3453 516 3505 vocatu,
539 3456 568 3509 ν,
592 3450 623 3496 10
649 3443 806 3512 Pasitiqrim
840 3445 1010 3496 aanrulucrum
1037 3447 1101 3497 deae
1127 3464 1180 3498 non
1206 3448 1294 3526 5059oe
1319 3450 1445 3516 lamna,

206 3513 430 3566 insolescerent.
465 3509 557 3563 Fontis
578 3511 806 3564 admirabilitatem
840 3513 977 3564 continuus
1000 3514 1070 3566 orbis
1092 3515 1186 3576 latiore
1203 3516 1280 3568 coitio
1298 3527 1398 3568 tenuem
1416 3519 1446 3570 io

208 3596 361 3633 remonon
382 3586 501 3632 veterum
519 3579 727 3657 geographorum
744 3588 805 3650 post
839 3580 962 3632 ambitum
985 3591 1067 3632 metae
1088 3583 1163 3632 morlo
1185 3599 1325 3651 excerpens.
1360 3584 1445 3638 llam·

204 3647 306 3702 Herod.
323 3661 365 3712 Ν,
385 3652 434 3700 180
451 3647 595 3717 descripsit.
837 3647 921 3700 monis
939 3649 988 3700 boc
1006 3647 1174 3700 simulacrum
1191 3665 1252 3702 curu
1266 3649 1324 3704 aliis
1334 3655 1444 3721 gemmis

220 3717 314 3776 „craias
336 3716 570 3768 octonentissimur
593 3725 631 3768 ert
647 3715 732 3784 color]
759 3715 804 3770 Sic
838 3721 894 3766 turn
913 3715 1052 3785 emamgdo
1068 3725 1284 3784 coagmentatum
1301 3728 1371 3785 erat,⁴
1387 3719 1403 3772 i.
1419 3737 1443 3773 e.

222 3782 322 3854 letique
344 3781 404 3836 libri
427 3790 545 3848 veteres,
572 3781 622 3836 nisi
643 3784 713 3854 quod
732 3783 801 3838 Flor.
837 3783 999 3836 extrinsecus
1016 3793 1178 3849 contectum,
1197 3793 1228 3838 ut
1244 3786 1378 3841 Diodorus
1395 3787 1443 3842 l.l.

202 3799 231 3905 H
252 3851 334 3904 Bern.
352 3851 376 3903 B
399 3853 502 3920 quando
524 3867 572 3921 pro
593 3853 665 3904 cuius
689 3853 801 3918 babent3
836 3850 875 3903 ait
891 3852 924 3904 τὸ
943 3858 995 3904 τοῦ
1013 3853 1086 3904 θεοῦ
1107 3852 1215 3913 ξόανον
1233 3859 1263 3906 ἐκ
1278 3853 1443 3928 σμαράγδου

202 3919 291 3973 editur
312 3927 400 3972 tamen
426 3937 483 3972 curn
510 3921 742 3974 velrenreotissimua
764 3931 801 3973 est
837 3925 885 3970 καί
900 3940 989 3972 τινων
1009 3917 1105 3972 ἄλλων
1123 3927 1290 3992 περιέχεται.
1315 3923 1443 3979 Ceterum

202 3990 284 4041 color.
318 3987 387 4040 Item
404 3987 474 4057 quod
497 3985 614 4056 sequitur
635 4005 733 4057 quoque
750 4007 801 4041 no:
836 3987 915 4040 Bern.
941 3989 969 4041 A
1002 3987 1073 4043 Flor.
1101 3989 1151 4043 AB
1186 3995 1345 4061 zmoroydo:
1381 3993 1443 4046 vide

197 4058 311 4125 propius
328 4055 366 4108 sic
383 4053 480 4124 legitur
496 4054 524 4107 iu
541 4055 627 4121 codd..
645 4073 705 4110 curu
722 4055 801 4125 urlgo
835 4055 956 4110 Scbneid.
975 4056 1058 4110 Elem.
1078 4057 1107 4110 L.
1126 4057 1157 4110 L.
1175 4064 1271 4128 p.³81.
1297 4060 1442 4132 Cocqmrn-

201 4123 237 4177 sit
254 4141 351 4193 quoque
364 4125 476 4192 propius
493 4142 553 4176 nox.
834 4134 903 4177 tutus
922 4134 993 4179 recte
1010 4125 1099 4180 editur
1115 4125 1178 4178 inde
1194 4144 1212 4178 a
1224 4145 1277 4198 pr.;
1295 4129 1343 4183 aed
1360 4130 1440 4184 Bern.

199 4219 202 4224 ·
235 4197 260 4254 §-
283 4197 325 4246 28.
350 4193 380 4244 id
400 4192 479 4261 quod]
507 4191 552 4246 Sic
574 4209 640 4244 unus
662 4191 742 4245 Bern.
764 4193 798 4258 A,
833 4192 859 4243 A
876 4193 947 4247 Flor.
965 4195 991 4246 A
1015 4205 1221 4264 conmaculatus,
1246 4195 1319 4250 Flor.
1337 4197 1441 4254 BDFH

199 4259 293 4330 reliqui
310 4259 386 4314 codd.
404 4259 486 4312 nostri
503 4271 531 4313 et
545 4259 687 4326 Snakeub.‚
704 4259 798 4314 omisso
832 4259 946 4313 BernB
964 4273 1175 4331 couupmcntutus
1185 4282 1202 4316 a
1218 4283 1258 4335 pr.
1277 4283 1312 4318 m.
1330 4262 1440 4320 etl-lor.

199 4331 278 4399 quod,
297 4330 327 4380 id
344 4335 447 4380 tanturn
465 4338 579 4381 servent.
834 4325 858 4380 G
876 4327 913 4381 sic
929 4329 1038 4400 corrigit
1056 4331 1216 4386 eumfuisset
1233 4345 1439 4404 coopmcntatus,

234 4397 354 4452 umbilico
376 4397 487 4448 moriare
510 4399 604 4450 similis
625 4407 663 4450 est
684 4398 796 4465 labitur,
830 4395 903 4450 Flor.
922 4395 944 4452 C
963 4411 1148 4455 conarentutus.
