3300 5044
239 322 276 392 >2
671 337 705 400 o.
734 334 857 388 curru
882 335 967 386 anm

200 517 360 612 bantque
387 518 590 616 excepturi,
619 543 699 592 cum
725 521 783 595 ille
808 546 885 597 rem
911 544 1020 594 ausus
1047 531 1103 594 est
1120 519 1362 596 incredibilem
1387 533 1441 595 at

201 651 271 722 que
296 626 503 720 inauditam,
529 633 712 729 multoque
729 634 843 730 magis
867 631 915 704 ad
933 631 1065 702 famam
1082 632 1304 720 temeritatis,
1331 658 1439 728 quam

200 737 343 836 gloriae,
371 739 554 838 insignem.
594 741 755 840 Namque
781 744 817 814 in
844 743 969 814 urbem
985 739 1142 811 hostium
1169 740 1313 835 plenam
1339 762 1476 838 prae-e

200 849 297 947 cipiti
323 852 417 924 saltu
444 851 632 948 semetipse
656 852 819 940 immisit,
854 875 935 922 cum
962 849 1026 920 vix
1052 873 1196 946 sperare
1223 863 1362 946 posset,
1387 851 1439 922 di-

199 961 389 1034 micantem
429 971 524 1034 certe
563 971 601 1032 et
637 985 710 1033 non
737 961 889 1032 inultum
914 984 994 1033 esse
1033 959 1264 1032 moriturum:
1307 962 1439 1059 quippe

199 1083 391 1169 antequam
417 1079 634 1167 assurgeret,
670 1071 821 1168 opprimi
853 1081 996 1168 poterat
1022 1081 1060 1142 et
1085 1071 1163 1168 capi
1198 1070 1312 1144 vivus.
1365 1069 1474 1146 Sede

200 1183 293 1256 forte
319 1184 370 1254 ita
394 1183 588 1254 libraverat
604 1205 743 1279 eorpus,
770 1191 811 1254 ut
836 1205 875 1255 se
901 1179 1053 1279 pedibus
1080 1181 1272 1278 exciperet
1311 1181 1439 1279 ltaque

199 1301 299 1364 stans
325 1292 392 1366 init
417 1317 592 1390 pugnam;
619 1302 657 1364 et
681 1317 727 1366 ne
744 1293 919 1366 circumiri
941 1303 1076 1390 posset,
1102 1293 1250 1365 fortuna
1274 1292 1439 1389 provide·

198 1411 266 1475 rat
318 1400 473 1476 Vetusta
489 1403 606 1492 arbor,
631 1401 730 1476 haud
745 1405 870 1502 procul
893 1427 1007 1494 muro,
1033 1427 1152 1476 ramos
1171 1403 1286 1475 multa
1310 1401 1474 1475 frondes

197 1513 366 1605 vestitos,
400 1514 501 1587 velut
526 1511 572 1586 de
597 1511 773 1600 industria
797 1539 920 1613 regem
953 1524 1186 1614 protegentes
1193 1569 1220 1604 ,.
1239 1513 1436 1602 obiecerat3

197 1623 303 1698 huius
330 1626 487 1722 spatioso
513 1623 625 1721 stipiti
650 1649 789 1722 eorpus,
814 1649 861 1698 ne
887 1623 1064 1696 circumiri
1088 1633 1230 1722 posset,
1256 1624 1438 1722 applicuit,

198 1734 311 1832 clipeo
336 1735 419 1823 tela,
452 1757 543 1830 quae
569 1759 617 1807 ex
641 1732 794 1807 adverso
819 1733 1083 1832 ingerebantur,
1111 1733 1303 1831 excipiens.
1343 1732 1473 1808 Nema

198 1871 280 1918 eum
305 1869 416 1917 unum
442 1844 567 1941 procul
584 1853 647 1918 'tot
679 1869 806 1918 manus
832 1854 1014 1942 peterent,
1049 1869 1156 1919 nemo
1182 1854 1304 1920 tamen
1329 1843 1438 1918 aude·

126 1983 130 1994 ·
195 1955 259 2028 bat
285 1955 431 2053 pro'pius
458 1953 644 2046 accedere,
670 1955 816 2030 missilia
832 1954 940 2028 ramis
967 1954 1081 2051 plura,
1108 1978 1218 2052 quam
1244 1953 1357 2052 clipeo
1383 1952 1435 2026 in-
1486 2017 1490 2024 .

196 2063 373 2140 oidebant
431 2064 622 2162 Pugnabat
659 2091 726 2164 pro
763 2089 849 2164 rege
887 2065 1042 2164 primum
1073 2064 1244 2139 celebrati
1281 2064 1474 2138 nominisc

194 2175 307 2267 fame,
339 2174 467 2250 deinde
493 2174 711 2273 desperatio,
745 2200 916 2274 magnum
947 2175 995 2250 ed
1026 2175 1179 2251 honeste
1211 2173 1439 2255 moriendum

146 2339 153 2348 -
195 2286 473 2360 incitamentum.
535 2283 606 2360 Sed
638 2311 721 2360 cum
746 2286 897 2360 subinde
922 2287 1037 2361 hostis
1063 2285 1244 2377 afflueret,
1276 2285 1349 2358 iam
1382 2285 1470 2357 in·⁷

195 2407 342 2495 gentem
374 2397 447 2470 vim
484 2397 639 2471 telorum
677 2407 869 2496 exceperat
899 2398 1030 2495 clipeo,
1067 2397 1141 2472 iam
1165 2397 1306 2496 galeam
1345 2421 1438 2472 saxa

197 2509 451 2609 perfregerant,
476 2509 547 2582 iam
573 2509 740 2582 continuo
765 2509 889 2583 labore
913 2508 1039 2607 gavia
1062 2531 1183 2606 genua
1198 2505 1436 2582 succiderant

195 2619 321 2718 ltaque
347 2620 578 2717 contemptim
604 2630 642 2692 et
665 2620 816 2710 incaute,
842 2620 903 2717 qui
921 2618 1076 2717 proximi
1103 2629 1295 2709 steterant,
1322 2619 1475 2698 incur-a

195 2741 335 2805 rerunt:
370 2731 546 2827 equibus
579 2729 668 2804 duos
700 2727 819 2827 gladio
851 2731 902 2803 ita
927 2730 1084 2826 excepit,
1122 2739 1166 2804 ut
1196 2739 1281 2802 ante
1316 2730 1435 2826 ipsum

196 2841 378 2937 exanimes
426 2841 709 2938 procumberent
784 2837 859 2914 Nee
904 2840 1069 2946 cuiquam
1116 2836 1247 2913 deinde
1285 2840 1434 2936 propius

79 2967 82 2982 ·
195 2951 395 3026 incessendi
421 2977 503 3027 eum
528 2954 667 3052 animus
691 2950 774 3025 finit:
807 2951 934 3050 procul
957 2951 1074 3024 iacula
1108 2949 1330 3048 sagittasque
1355 2950 1436 3024 mit

197 3064 332 3137 tebant

145 3177 194 3248 20
296 3173 361 3247 Ille
386 3171 433 3244 ad
471 3199 594 3248 omnes
627 3174 719 3248 ictus
754 3173 955 3270 expositus,
995 3195 1103 3270 aegre
1141 3171 1213 3243 iam
1240 3182 1470 3276 exceptuma

194 3343 349 3394 lmweront
358 3337 513 3392 FlenllFH
529 3339 579 3392 sad
594 3339 675 3394 iidem
686 3347 715 3394 et
723 3339 795 3394 Flor.
880 3342 906 3405 ss
932 3343 957 3392 5.
1010 3355 1068 3391 nm
1097 3354 1178 3391 eamn
1198 3339 1308 3409 prend]
1366 3337 1435 3391 Mes.

195 3407 316 3464 Ostiam
332 3424 398 3477 quoe
415 3423 465 3476 pro
482 3424 542 3476 qun.
827 3423 919 3461 omnes
950 3423 1009 3460 cum
1035 3408 1179 3460 comminus
1206 3405 1281 3476 (sive
1298 3407 1435 3476 οοπιίηκε)

227 3495 285 3531 nnn
303 3479 347 3530 ille
364 3493 418 3529 rem
435 3493 516 3528 amus
533 3478 582 3547 est]
622 3475 712 3546 Vulgo
737 3475 794 3529 aine
827 3493 916 3529 unum.
954 3473 1039 3528 Aldm
1057 3475 1085 3528 id
1101 3475 1211 3528 verbum
1228 3474 1328 3545 primm
1345 3473 1435 3540 eiecit,

262 3543 477 3665 uh
495 3553 792 3667 rm·
826 3541 1316 3692 raucus
1333 3609 1435 3664 n„

212 3680 266 3735 bris
283 3699 342 3734 mss.
359 3688 448 3746 extat,
466 3687 497 3732 ut
514 3679 607 3734 mirum
624 3681 658 3735 sit
674 3698 722 3734 eur
737 3681 792 3734 edi·
826 3680 949 3734 voluisse.

193 3758 265 3804 tores
282 3756 337 3803 um
354 3749 399 3802 diu
416 3747 557 3802 desiderari
573 3749 641 3820 pessi
657 3749 719 3803 sint.
861 3751 884 3818 ς.
904 3755 929 3802 7.
963 3748 1052 3802 labore
1067 3749 1167 3818 grania
1202 3750 1280 3815 mua]
1315 3745 1348 3800 In
1371 3764 1433 3800 mss.

229 3821 254 3884 s.
280 3821 306 3870 3.
350 3819 397 3870 init
417 3818 549 3887 pugnem]
593 3819 653 3872 iniit
672 3835 791 3888 pugnam
824 3826 937 3887 gruum
954 3814 1007 3895 legi
1025 3813 1165 3870 annotavit
1202 3814 1301 3880 odius,
1343 3814 1434 3868 uibus-

193 3884 265 3939 Flor.
281 3885 334 3938 ΕΗ
352 3885 470 3938 BernB
492 3885 569 3939 Voss.
586 3893 611 3940 2.
645 3883 715 3939 Tum
750 3905 792 3940 os·
826 3903 885 3939 eum
902 3901 918 3937 e
935 3901 1000 3937 mers
1017 3901 1072 3938 non
1090 3883 1223 3938 consentit
1245 3883 1295 3937 nisi
1345 3882 1431 3948 or.G;

192 3957 229 4008 sit
245 3953 320 4007 Leid.
341 3954 418 4007 Voss.
438 3960 449 4006 1
470 3953 608 4007 Remus
627 3953 699 4008 Flor.
744 3953 790 4009 BC
826 3953 874 4007 sed
891 3952 974 4023 magis
999 3950 1119 4006 dubitari
1139 3957 1242 4022 potest,
1268 3969 1303 4004 an
1324 3951 1434 4006 omnino

192 4021 254 4088 EG,
270 4019 298 4075 e't
315 4022 424 4074 circuiri
439 4028 467 4074 et
480 4021 600 4076 hocloco
613 4030 641 4076 et
657 4039 711 4094 seq.
721 4023 791 4077 Flor.
825 4022 897 4075 istud
913 4021 1025 4075 verbum
1040 4019 1183 4083 delendum
1199 4019 1253 4086 sit,
1263 4019 1435 4091 quoniamst
1524 4085 1528 4090 ,

193 4088 341 4150 BDEFGI.
380 4089 433 4143 Sed
452 4105 519 4159 quae
535 4099 692 4160 repetuntur
713 4091 792 4162 paulo
825 4089 889 4160 ipsis
906 4089 990 4144 literis
1073 4107 1100 4142 m
1116 4105 1132 4142 a
1149 4089 1272 4158 proximo
1289 4088 1376 4142 disere
1410 4097 1432 4154 t,

211 4167 254 4213 ost
283 4177 313 4211 ue
344 4159 477 4212 cirmmiri
499 4169 591 4236 posset
616 4159 734 4214 Freinsh.
764 4169 792 4214 et
826 4169 855 4212 et
871 4159 980 4212 abesta
1020 4155 1054 4210 al.
1073 4165 1086 4210 1
1106 4156 1205 4210 Vosa2
1224 4106 1432 4211 Flosnnffir.

190 4177 363 4281 liemnannus
384 4225 529 4279 alibranis
547 4226 614 4280 male
635 4228 727 4282 addita
742 4246 793 4299 pn·
862 4226 927 4296 Cap.
946 4233 989 4292 20,
1008 4229 1033 4292 s.
1052 4232 1076 4280 9.
1109 4241 1188 4294 aegre
1210 4226 1264 4278 inm
1289 4227 1431 4294 exception]

191 4305 263 4363 tant,
290 4297 323 4346 de
350 4312 403 4364 qna
423 4311 451 4347 ro
474 4294 502 4346 in
527 4305 665 4366 utramque
691 4305 792 4366 partem
826 4295 925 4349 Mirum
951 4294 980 4346 in
1005 4293 1081 4347 bonis
1102 4292 1176 4346 libris
1194 4291 1266 4347 Flor.
1287 4292 1338 4346 AB
1355 4292 1433 4348 Leid.

191 4362 318 4434 disputari
335 4371 432 4431 potest
467 4362 544 4416 Unus
566 4363 615 4418 hoe
631 4364 716 4418 altero
735 4365 792 4420 loco
827 4365 905 4416 Bern.
925 4363 949 4413 Α
967 4362 1030 4414 item
1052 4361 1080 4414 in
1097 4361 1169 4414 Flor.
1189 4359 1211 4414 C
1229 4361 1306 4415 Voss.
1325 4367 1339 4414 2
1357 4368 1387 4414 et
1402 4361 1432 4416 in

191 4433 271 4486 Bern.
289 4431 312 4483 B
331 4431 516 4484 circumueniri.
827 4433 887 4484 edd.
905 4429 1065 4501 principibus
1091 4448 1143 4484 non
1164 4429 1238 4482 addi:
1265 4448 1318 4484 non
1344 4447 1432 4500 aegre.
