3336 5066
218 287 294 398 ²21⁰
607 311 636 321 ··
697 297 732 362 o.
759 295 883 352 cuarn
907 297 992 350 num

218 481 412 558 bernaeula
438 483 639 574 circumire,
668 483 822 576 hortari,
853 509 999 558 monere
1030 507 1128 558 nunc
1154 481 1332 580 singulos,
1366 469 1464 554 nunc

217 594 418 684 universos,
442 621 517 672 non
543 605 628 670 ante
654 595 806 684 destitit,
833 619 941 691 quam
966 595 1053 668 eatis
1079 604 1263 670 constaret
1288 593 1464 691 imperata

217 704 386 778 facturos.
438 705 540 781 Idem
565 731 672 804 aegre
698 729 721 777 a
745 703 864 775 Dareo
890 705 1113 800 impetravit,
1128 717 1131 724 ’
1149 715 1190 778 ut
1215 705 1335 777 cibum
1361 729 1462 802 cape-

186 824 284 916 ·ret,
311 817 540 913 animumque
566 816 674 888 rebus
699 812 914 885 adverteret.

168 927 217 999 28
321 928 374 1000 At
399 927 533 1001 Bessus
560 935 598 998 et
622 922 849 996 Nabarzanes
876 921 961 992 olim
987 922 1163 1018 agitatum
1189 921 1305 994 scelus
1333 925 1462 1019 exequi
1482 943 1523 992 x.

219 1049 400 1125 statuunt,
436 1035 538 1130 regni
569 1032 763 1130 cupiditate
795 1033 953 1106 accensi:
985 1031 1104 1107 Dareo
1141 1043 1263 1108 autem
1294 1033 1463 1108 incolumi

218 1159 339 1222 tantas
366 1169 453 1242 opes
480 1167 626 1242 sperare
651 1169 724 1218 non
750 1154 927 1243 poterant.
966 1142 1109 1246 Quippe
1135 1146 1173 1218 in
1198 1145 1267 1218 illis
1293 1147 1498 1242 gentibusa

217 1281 344 1354 regum
374 1255 514 1330 'eximia
549 1255 718 1329 maiestas
759 1267 833 1328 est:
875 1254 923 1328 ad
962 1281 1094 1328 nomen
1134 1279 1276 1352 quoque
1318 1256 1478 1330 barbari·

220 1366 457 1458 conveniunt,
484 1375 523 1442 et
538 1367 717 1466 ,pristinae
744 1368 927 1440 veneratio
953 1368 1119 1440 fortunae
1146 1365 1310 1461 sequitur
1335 1365 1463 1439 adver·

218 1501 316 1572 sam.⁸
358 1475 514 1552 Inflabat
547 1478 674 1576 impios
706 1477 842 1550 animos
873 1478 989 1575 regio,
1025 1477 1081 1550 cui
1115 1485 1326 1573 praeerant,
1352 1479 1499 1551 armisa

219 1589 376 1688 virisque
409 1600 447 1663 et
478 1589 596 1687 spatio
628 1588 786 1660 locorum
818 1588 906 1658 nulli
941 1611 1065 1660 earum
1098 1587 1261 1685 gentium
1293 1587 1462 1662 secunda.

219 1699 378 1774 Tertiam
403 1711 544 1797 partem
570 1697 679 1768 Asiae
692 1706 818 1776 tenet:
845 1696 1038 1770 multitudo
1064 1698 1244 1770 iuniorum
1270 1701 1462 1790 exercitus,

100 1855 104 1862 ·
193 1813 310 1906 ¹quos
336 1809 507 1882 amiserat
520 1805 696 1896 Dareus,
722 1806 909 1902 aequabat
962 1805 1089 1903 Itaque
1112 1801 1189 1881 non
1215 1807 1316 1878 illum
1341 1809 1499 1901 modo,4

219 1919 285 1994 sed
311 1920 420 1994 etiam
445 1916 695 1992 Alexandrum
720 1919 947 2015 spernebant,
969 1916 1052 1991 inde
1078 1918 1173 1990 vires
1199 1917 1339 2014 imperii
1363 1945 1463 2018 repe·

218 2031 334 2122 tituri,
367 2031 398 2104 si
430 2030 526 2128 regis
560 2027 668 2126 potiri
698 2029 913 2125 contigisset
948 2085 950 2088 .
981 2025 1054 2124 Diu
1086 2029 1252 2102 omnibus
1286 2029 1500 2126 cogitabas

217 2142 445 2240 plaodtper
470 2139 600 2212 milites
626 2135 845 2228 Bactrianos,
865 2137 912 2210 ud
938 2163 1045 2210 omne
1070 2137 1285 2236 obsequium
1309 2137 1465 2212 destina·

218 2263 293 2344 tos,
328 2276 452 2348 regem
485 2248 801 2346 comprehendere,
832 2249 996 2345 mittique
1028 2249 1194 2321 nuntium
1226 2247 1274 2320 ad
1306 2249 1464 2350 Alexan·
1511 2281 1514 2286 ·

219 2360 336 2451 drum,
363 2361 424 2458 qui
449 2360 639 2448 indicaret,
665 2361 787 2433 vivum
815 2359 992 2432 asservari
1018 2383 1117 2448 eum,
1150 2360 1198 2450 si,
1233 2358 1271 2432 id
1297 2359 1396 2457 quod
1421 2362 1498 2434 tio

176 2505 178 2508 ·
218 2472 383 2562 mebant,
410 2469 650 2569 proditionem
676 2481 887 2570 aspernatus
915 2479 1019 2558 esset,
1046 2469 1197 2542 occisuri
1222 2469 1399 2563 Dareum,
1426 2483 1465 2546 et

219 2569 352 2656 Bactra
378 2607 459 2660 cum
486 2605 633 2654 suarum
658 2582 818 2678 gentium
843 2605 952 2653 manu
977 2581 1134 2678 petituri.
1188 2579 1358 2656 Ceterum
1383 2603 1497 2682 pro-r

219 2693 339 2788 palam
367 2690 621 2790 comprehendi
646 2689 786 2764 Dareus
812 2715 885 2764 non
911 2702 1068 2788 poterat,
1102 2702 1159 2766 tot
1185 2691 1375 2766 Persaram
1401 2694 1464 2766 mi·

220 2802 314 2875 libus
340 2802 465 2874 laturis
479 2826 585 2898 opem
612 2804 702 2899 regi:
729 2798 948 2874 Graecorum
973 2826 1115 2896 quoque
1141 2802 1231 2874 fides
1258 2803 1463 2876 timebatur.

219 2911 347 3008 Itaque
389 2909 485 3008 quod
520 2911 557 2983 vi
592 2937 664 2984 non
702 2921 886 3008 poterant,
925 2910 1052 2984 fraude
1089 2913 1231 3010 assequi
1264 2924 1499 3013 temptantzs

219 3023 485 3122 poenitentiam
514 3022 722 3096 secessionis
750 3022 916 3094 simulare
941 3020 1194 3112 decreverant,
1226 3033 1264 3096 et
1290 3047 1465 3097 excusare

221 3131 319 3230 apud
357 3158 480 3230 regem
518 3133 841 3205 consternationem
879 3157 990 3204 suam.
1056 3131 1205 3206 Interim
1237 3135 1298 3229 qui
1333 3132 1499 3207 Persase

254 3359 277 3424 §.
297 3364 339 3410 17.
373 3358 538 3427 animumque
565 3359 642 3411 rubus
668 3359 821 3424 adverteret]
857 3366 899 3410 est
924 3359 1046 3426 rapiaris.
1091 3357 1123 3410 In
1155 3375 1187 3412 eo
1213 3357 1282 3411 anim
1307 3375 1351 3412 res
1379 3357 1465 3412 onmis

220 3423 347 3492 Codices,
366 3433 397 3479 ut
414 3424 536 3492 videtur,
556 3443 646 3479 omnes
664 3426 710 3494 (de
727 3425 822 3478 nostris
857 3427 1011 3480 vertebatur
1028 3434 1059 3479 ut
1076 3425 1145 3496 regis
1162 3434 1192 3479 et
1213 3430 1309 3496 corpus
1326 3436 1356 3479 et
1372 3441 1464 3496 perso-

219 3493 449 3548 etSnak.certnrn
464 3499 516 3560 est)
536 3511 584 3564 pro
602 3496 678 3547 rebus
695 3493 822 3546 exhibent
856 3511 917 3546 nam
934 3493 984 3547 sibi
1000 3494 1173 3560 subiicerent,
1200 3494 1336 3564 regionem
1353 3493 1465 3548 milites·

217 3564 299 3630 repis,
318 3572 398 3634 atquo
416 3563 482 3616 adeo
499 3563 575 3615 rebus
594 3581 646 3616 non
663 3571 705 3614 est
723 3561 771 3614 uisi
787 3579 822 3614 cx
858 3577 909 3630 que
926 3577 961 3614 ex
978 3579 1009 3615 ea
1026 3563 1189 3632 corrscriptos
1207 3562 1270 3615 satis
1287 3563 1315 3614 in
1328 3571 1465 3632 potestate

218 3629 367 3682 coniectura
384 3630 463 3698 lunii,
500 3630 600 3683 uamvis
618 3629 723 3683 Modius
740 3629 822 3682 stulte
856 3630 1000 3695 habebant,
1018 3641 1048 3684 ut
1066 3630 1122 3710 ipse
1136 3629 1236 3684 indicat
1249 3639 1351 3685 auctor.
1368 3630 1466 3702 Neque

217 3696 334 3818 ἔξω
361 3697 388 3750 ἰιι
415 3649 536 3752 omnibus
563 3698 635 3751 libris
662 3715 718 3750 esse
743 3699 821 3751 dicat.
856 3697 997 3777 quicquam
1014 3699 1114 3752 facilius
1133 3715 1165 3752 ea
1182 3699 1352 3752 correctione.
1381 3697 1464 3752 Geni-

170 3827 172 3834 ,
290 3781 348 3817 eam
366 3783 414 3818 nos
431 3766 587 3818 emendandi
597 3765 724 3819 rationem
739 3765 822 3818 multo
857 3773 940 3818 trvurn
972 3782 1061 3820 casmn
1089 3765 1198 3822 Curtius
1226 3767 1295 3819 solet
1329 3785 1346 3819 a
1366 3767 1464 3838 plicare

218 3833 353 3886 meliorem
370 3843 495 3904 putamus
513 3834 723 3904 quamPalmerii
737 3834 823 3887 aMo-
853 3835 974 3904 potiendi
989 3836 1083 3902 verbo,
1111 3835 1160 3888 uisi
1183 3836 1255 3905 quod
1273 3853 1326 3889 uno
1343 3785 1401 3889 ideo
1419 3851 1464 3904 tx,

218 3901 263 3954 dio
280 3903 419 3972 probatam
437 3911 468 3955 ut
489 3904 598 3955 verbum
616 3906 759 3955 adverteret
777 3901 822 3954 eii·
857 3909 890 3958 34
909 3905 1003 3972 oppido
1017 3905 1101 3972 potiri
1119 3903 1192 3956 dicit.

116 4019 121 4032 ,
218 3969 311 4043 ciatur.
347 3971 438 4024 Habet
461 3970 530 4023 enirn
549 3969 650 4023 ridiculi
668 3971 766 4042 aliquid
785 3969 820 4023 ci·
890 3975 912 4050 ᾗ
923 3977 947 4025 8.
966 3975 1035 4040 quod
1053 3976 1078 4024 vi
1094 3991 1146 4024 non
1160 3972 1296 4041 poteraut]
1316 3971 1463 4039 Siccodd.;
1513 3999 1515 4004 v

218 4039 281 4090 bum
303 4046 332 4091 et
355 4039 456 4109 regium
489 4039 604 4092 animum
627 4039 667 4092 'tic
691 4039 820 4110 copulare.
856 4039 929 4106 editi,
948 4040 1027 4093 etiam
1044 4040 1118 4094 blod.
1136 4043 1206 4110 quod
1222 4059 1274 4092 non
1287 4051 1411 4108 poterunt
1429 4043 1463 4094 ιη’.

219 4105 262 4160 Cs.
281 4105 367 4160 Tacit.
386 4113 455 4160 Anu.
476 4123 550 4175 xrn,
577 4115 610 4160 49
638 4110 683 4175 qui
708 4111 822 4161 unimam
857 4109 953 4162 Itidem
970 4108 1105 4187 aliquanto
1124 4118 1188 4178 post
1205 4113 1255 4174 §.9
1273 4111 1384 4162 subdere
1402 4109 1463 4162 illos

218 4176 296 4227 etiam
315 4177 453 4230 lenissimis
473 4178 576 4244 (rebus)
595 4179 764 4229 adverterent.
857 4177 1025 4246 manuscripti
1045 4193 1151 4243 ornncs;
1171 4176 1250 4245 vulgo
1269 4179 1328 4229 illos
1343 4177 1461 4230 subdere.

254 4242 319 4314 Cap.
338 4249 386 4309 28,
411 4249 434 4312 5.
453 4252 477 4297 4.
512 4248 537 4298 si
555 4246 625 4313 repis
640 4246 724 4324 potiri
742 4247 822 4298 ronti·
857 4245 911 4299 Sed
928 4247 1007 4299 ctiam
1026 4247 1065 4297 rei
1082 4244 1461 4324 herclpublicaeprovulg.

216 4313 309 4380 piscat]
353 4311 525 4366 Freinshemii
554 4313 709 4382 Heinsrique
737 4313 821 4367 conic-
858 4333 943 4368 rerum
965 4312 1143 4383 recipiendum
1170 4314 1220 4367 furt
1246 4315 1279 4366 oh
1307 4331 1463 4368 consensum

218 4389 321 4432 eturam
339 4390 443 4434 secutus
460 4381 551 4452 scripsi
566 4382 636 4451 repis
647 4399 735 4452 proco
752 4383 822 4451 (pund
857 4383 975 4438 codicum
993 4381 1136 4436 meliorum.
