3336 5066
589 349 640 400 uu
666 349 931 404 uusmsannx.
958 351 994 420 v,
1022 348 1064 401 rs.
1373 331 1444 402 189

206 554 279 627 qua
312 526 432 602 sidera
462 531 743 623 intemitebant,
771 529 976 605 continenti
1010 531 1138 604 fronde
1164 529 1280 606 metae
1306 535 1454 610 arbores

205 639 413 736 conspicere
438 645 691 743 prohibebant.
731 639 785 716 Ne
812 643 952 716 aurium
978 641 1121 740 quidem
1147 667 1233 716 usus
1258 655 1455 740 supererat,

205 749 316 822 silvas
349 756 533 850 quatiente
563 761 693 842 vento,
727 754 787 850 qui
823 754 1117 827 concurrentibus
1150 755 1257 827 ramis
1284 753 1455 826 maiorem

152 879 189 926 2⁰
207 885 316 956 quam
357 889 425 962 pro
466 863 556 935 flatu
591 887 722 935 sonum
759 862 898 937 edebat.
969 862 1131 936 Tandem
1165 873 1356 961 expectata
1389 866 1455 937 lux

206 973 337 1061 omnis,
351 996 443 1068 quaa¹
470 973 686 1048 terribiliora
711 1000 787 1047 nox
813 976 956 1062 fecerat,
984 974 1125 1045 minuit:
1153 974 1327 1046 circumiri
1353 974 1455 1047 brevi

206 1083 325 1181 spatio
357 1093 503 1180 poterat
539 1085 692 1175 eluvies,
725 1097 763 1158 et
794 1085 862 1157 sibi
888 1085 1039 1181 quisque
1065 1082 1140 1156 dux
1166 1085 1302 1158 itineris
1329 1110 1453 1184 coepe·

205 1201 265 1262 rat
289 1191 378 1266 fieri.

149 1319 185 1366 ²²
309 1302 483 1376 Evadunt
512 1329 600 1402 ergo
633 1305 671 1376 in
703 1304 841 1378 editum
874 1306 1061 1378 verticem:
1105 1330 1152 1376 ex
1193 1331 1263 1402 quo
1297 1307 1503 1380 hostium16

204 1415 362 1488 statione
397 1425 607 1513 conspecta,
644 1427 791 1490 strenue
826 1415 969 1505 armati,
1005 1441 1028 1488 a
1054 1425 1157 1513 tergo
1192 1441 1231 1488 se
1257 1415 1454 1490 ostendunt

204 1523 293 1595 nibil
324 1525 398 1598 tale
438 1525 685 1600 metuentibus
692 1553 701 1616 ;
738 1551 892 1624 quorum
922 1527 1044 1624 pauci,
1080 1528 1140 1623 qui
1172 1525 1341 1625 congredi
1356 1599 1359 1605 ,
1375 1528 1453 1600 ausi

151 1649 187 1699 28
205 1644 325 1724 erant,
360 1637 455 1708 caesi
488 1646 583 1708 sunt.
642 1635 769 1734 Itaque
804 1636 888 1710 binc
919 1638 1147 1711 morientium
1173 1639 1345 1737 gemitus,
1371 1639 1455 1712 hinc

206 1743 254 1817 ad
286 1769 372 1818 suos
407 1748 671 1820 recurrentium
702 1747 913 1821 miserabilis
945 1748 1068 1838 facies,
1105 1748 1264 1846 integros
1300 1773 1452 1846 quoque,

153 1873 189 1922 aa
207 1863 402 1953 antequam
438 1857 629 1930 discrimen
662 1859 929 1956 experirentur,
964 1859 1001 1931 in
1027 1859 1150 1959 lugam
1176 1861 1316 1933 avertit.
1369 1858 1452 1933 Fre·
1560 1903 1566 1914 ι

204 1966 296 2038 mita
322 1965 453 2046 deinde
478 1969 516 2040 in
542 1978 672 2060 castra,
701 1969 779 2066 quis
807 1967 977 2043 Craterus
1004 1969 1241 2068 praesidebat,
1268 1971 1378 2061 illato,
1404 1969 1453 2043 ad
1492 2006 1496 2014 ·

205 2077 433 2176 occupandas
471 2081 676 2177 angrutias,
716 2081 754 2152 in
792 2081 922 2176 quibus
963 2081 1076 2178 pridie
1115 2079 1320 2171 haeserant,
1351 2081 1452 2154 miles

150 2203 187 2252 so
205 2185 378 2261 educitur.
432 2185 546 2263 Simul
572 2201 610 2262 et
636 2189 799 2264 Philotas
824 2215 907 2263 cum
933 2191 1197 2290 Polyperconte
1221 2191 1453 2290 Amyntaque

203 2307 254 2368 et¹
268 2294 390 2372 Coeno
425 2299 610 2374 diversum
641 2302 711 2373 iter
742 2299 881 2399 ingredi
906 2301 1040 2390 iussus,
1066 2303 1175 2374 alium
1201 2313 1374 2376 terrorem
1399 2302 1450 2374 in-

150 2425 183 2475 st
204 2409 288 2482 tulit
312 2410 486 2486 barbaris.
526 2410 695 2509 Undique
722 2436 809 2510 ergo
835 2410 1074 2485 Macedonum
1101 2413 1208 2485 annis
1222 2413 1450 2511 fidgentibus‚

212 2663 213 2666 ’
238 2661 262 2729 ξ.
280 2667 322 2716 25.
359 2663 405 2733 qui
427 2663 641 2717 concurrentiam
668 2664 752 2716 ranis
778 2693 814 2705 -
847 2663 957 2716 ss‘debat.
1000 2667 1094 2734 Itaque
1119 2663 1193 2718 nulls
1218 2681 1296 2718 cama
1318 2669 1372 2729 est,
1404 2679 1453 2717 cur

203 2730 306 2799 edebat]
330 2730 443 2785 Secutus
461 2749 520 2784 sum
538 2730 643 2785 codices
661 2747 733 2785 meos
750 2748 813 2785 uun·
847 2731 968 2786 codicum
994 2741 1145 2787 nostrorum
1169 2733 1273 2804 quidem
1290 2731 1406 2786 omnium
1423 2740 1452 2785 et

204 2796 337 2867 duentoe',
361 2799 412 2852 nisi
434 2800 507 2870 quod
531 2800 590 2853 leve
607 2799 702 2854 vitium
720 2815 813 2854 eorum
847 2799 922 2853 Leid.
946 2803 1023 2854 Voss.
1052 2808 1064 2853 1
1090 2800 1289 2872 probatissimae
1307 2800 1452 2871 scripturae

204 2865 307 2919 comui
334 2869 451 2921 edebant.
486 2867 628 2922 Edebstur
650 2867 728 2922 initio
745 2885 813 2938 quae
847 2867 979 2921 levissima
1006 2868 1136 2922 correctio
1167 2869 1349 2940 praeferatur,
1402 2883 1452 2920 une

204 2937 412 2989 coamantibus
434 2967 471 2978 -
488 2939 593 3003 edebat,
612 2943 671 2990 tum
688 2935 723 2989 sb
741 2935 812 2990 Aldu
847 2936 940 2990 estin
967 2935 1045 2990 editis
1066 2945 1172 3008 preater
1198 2937 1353 2990 Modianum
1380 2885 1452 2990 libris

203 3003 250 3072 qut
266 3005 470 3058 munientibus
494 3036 529 3046 -
550 3006 658 3072 edebat,
680 3005 714 3056 ab
736 3005 815 3058 lunio
848 3007 907 3075 quis
936 3005 1009 3058 Orat
1031 3014 1166 3075 praeerat.
1200 3009 1269 3058 Item
1290 3004 1453 3077 paulopost

203 3071 251 3140 qui
267 3073 470 3153 obaudientibus
487 3103 524 3114 —
540 3075 675 3140 reddebat,
694 3073 813 3154 qudio
848 3071 917 3126 mele
933 3071 1016 3154 vulgo
1034 3073 1217 3154 circumfertur
1234 3075 1388 3139 haesitarat,
1402 3089 1453 3144 pru

202 3141 815 3280 ttttltdltta.“¹‘,tttaltttt
848 3141 979 3276 tamt
999 3141 1124 3280 babil
1148 3142 1453 3280 tubulus

203 3276 273 3328 tibus
286 3307 322 3316 —
338 3279 490 3343 reddebant,
509 3277 592 3331 silvae
609 3277 741 3330 nimirum.
759 3278 814 3332 Sed
848 3279 988 3343 haereas,
1015 3279 1043 3332 iu
1065 3296 1119 3333 unu
1143 3283 1217 3332 Voss.
1241 3286 1256 3332 2
1280 3280 1453 3332 haesitarent.

203 3343 291 3396 omnia
307 3343 473 3412 elegantiora
491 3347 574 3415 fiunt,
601 3345 623 3399 si
649 3355 759 3399 ventum
787 3345 814 3399 id
849 3345 962 3399 Plurulis
977 3355 1048 3400 certe
1062 3365 1184 3400 numerus
1198 3347 1454 3401 uendnemdebebat

204 3411 297 3465 fecisse
315 3413 448 3466 statueris.
484 3415 557 3478 Quid
582 3415 654 3486 quod
672 3414 754 3467 etiam
772 3431 815 3467 ur·
849 3415 998 3481 offendere,
1028 3433 1087 3469 cum
1114 3416 1188 3469 miles
1214 3432 1291 3468 sensu
1314 3415 1452 3470 colleaivo

204 3487 349 3549 gutantur,
372 3489 510 3536 utrantos
528 3486 702 3536 concutientes
720 3491 815 3536 tuean-
849 3482 953 3536 dicatur
976 3499 1026 3537 nec
1049 3493 1137 3537 tamen
1163 3484 1264 3538 directo
1287 3503 1345 3539 cum
1371 3485 1453 3538 verbo

204 3555 262 3614 tur„
305 3548 332 3602 ui
358 3567 411 3604 non
428 3559 492 3604 sunt
509 3549 559 3604 nisi
578 3551 605 3602 in
622 3551 702 3605 Voss.
720 3559 735 3604 2
754 3567 815 3622 pes·
848 3552 988 3604 haeserant
1005 3552 1187 3624 coniungatur.

204 3615 271 3669 simo
286 3565 368 3672 irbro.
884 3622 907 3688 §.
930 3627 973 3674 80.
1015 3623 1103 3676 iussus
1133 3652 1170 3663 -
1198 3623 1296 3688 intulit]
1340 3620 1455 3690 Aliquot

240 3683 305 3755 Cep.
325 3692 371 3753 to,
390 3689 413 3754 §-
432 3691 474 3740 28.
510 3695 652 3757 antequam
670 3689 751 3741 discr.
770 3705 815 3741 es·
850 3687 910 3741 libri
927 3703 961 3740 ex
979 3689 1139 3742 deteriorum
1157 3705 1275 3753 numero,
1295 3687 1380 3742 nostri
1397 3688 1455 3758 qui·
1484 3716 1490 3726 ·

198 3753 362 3822 perirentur]
396 3757 546 3824 Antequam
563 3756 634 3824 msti,
652 3756 718 3808 editi
736 3766 814 3810 antea
849 3757 910 3809 dem
933 3756 1005 3811 Flor.
1027 3757 1143 3810 DEFHI
1168 3767 1197 3810 ct
1223 3759 1302 3810 Bern.
1320 3757 1354 3822 B,
1373 3759 1454 3810 iussis

204 3838 292 3890 quam·
850 3826 959 3878 babent.
1003 3826 1105 3879 Vitium
1130 3833 1172 3878 est
1194 3826 1237 3878 vul
1274 3843 1311 3878 se.
1351 3825 1455 3888 Quodsi

239 3893 264 3954 s.
290 3895 333 3943 tt.
379 3891 438 3959 quis
477 3891 605 3946 Craterus
628 3895 814 3965 praesidebat]
851 3895 1117 3947 iussi—intulerant
1134 3902 1212 3961 esset,
1250 3893 1336 3946 ciendi
1354 3901 1454 3964 posset,

203 3955 364 4011 Praesidere
385 3959 480 4012 codem
504 3976 583 4013 sensu
615 3978 668 4042 quo
689 3979 817 4032 praeesse
852 3979 912 4015 nam
923 3961 1041 4028 Curtius,
1060 3962 1104 4016 ubi
1122 3961 1455 4031 subiectumadditeprac-

203 4033 234 4078 et
250 4025 343 4098 reliqui
362 4025 505 4097 criptores
514 4037 543 4082 et
554 4028 664 4083 Curtius
681 4047 736 4082 non
754 4049 815 4084 raro
852 4029 985 4102 positione
1013 4049 1071 4084 cum
1098 4031 1305 4102 multiplicatur,
1341 4039 1455 4100 utroque

203 4093 310 4161 dicunt,
338 4103 369 4146 ut
386 4109 420 4160 V,
440 4103 455 4150 b
474 4100 534 4150 arci
542 4100 704 4177 praesidere
722 4113 763 4165 tu,
782 4105 814 4153 46
851 4117 961 4153 numero
989 4099 1091 4167 utitur,
1118 4099 1186 4152 sicut
1203 4097 1311 4168 pluralis
1328 4105 1370 4151 est
1387 4099 1456 4151 infra

203 4163 295 4215 s‘tiners'
311 4165 487 4230 praesidebat.
516 4165 611 4220 Cicero
629 4183 671 4237 pr.
690 4166 765 4219 Sulla
782 4175 813 4220 st
852 4167 1077 4239 cap.29ubiride
1091 4175 1190 4234 notam,
1209 4166 1347 4237 singularis
1364 4175 1455 4220 sutem

204 4232 266 4284 deos
276 4233 382 4312 patrias
399 4233 525 4303 appellat,
540 4235 817 4306 quibuicarbiatque
852 4251 902 4303 ιιι,
921 4241 968 4302 35,
990 4244 1020 4289 14
1038 4245 1066 4289 et
1085 4251 1117 4302 ν,
1135 4244 1183 4304 ut,
1204 4241 1243 4289 18.
1280 4235 1322 4288 Cf.
1344 4253 1454 4306 gramm

204 4300 383 4370 butesnrperio
392 4304 564 4381 praesidetis.
585 4303 695 4358 Tacitus
709 4313 818 4374 practer
852 4305 910 4358 Lat.
929 4313 1046 4358 nostram
1065 4309 1087 4374 ξ.
1106 4311 1165 4359 btb.

204 4366 323 4420 dativum
356 4369 478 4440 adiungit
512 4371 593 4424 etiam
629 4373 815 4439 accusativum,
887 4377 910 4441 §.
929 4381 971 4427 st.
996 4377 1109 4444 undique
1126 4393 1155 4427 er
1173 4377 1197 4442 o]
1216 4373 1261 4428 Sic
1278 4373 1353 4426 Mod.
1372 4374 1454 4426 editio

203 4435 274 4490 Anu.
293 4451 337 4504 nr,
365 4445 398 4492 39
412 4442 564 4508 prozimum
581 4443 723 4494 exercitum
735 4459 818 4511 prae-
853 4451 882 4495 et
900 4442 969 4496 Flos.
989 4459 1080 4496 onmes
1097 4451 1126 4497 ct
1183 4461 1222 4496 m.
1258 4443 1358 4496 Bcum
1377 4444 1455 4496 Voss.
