3346 5044
205 334 283 406 216
684 348 718 412 o.
744 347 868 400 curru
882 347 979 425 amu

200 531 301 603 tueri
326 527 533 627 oportebat,
559 530 686 632 dilapsi
709 543 810 622 sunt,
836 530 999 617 armatis,
1034 554 1126 624 quos
1152 529 1225 602 iam
1249 525 1449 601 adventare

200 639 412 732 credebant,
438 640 536 715 baud
561 643 629 716 ruti
656 669 694 717 se
719 645 858 716 futuros
884 661 1000 736 pares.
1052 636 1196 735 Ingens
1219 661 1305 735 ergo
1330 638 1368 710 in
1393 647 1447 709 ta·

203 752 398 826 -bemaculo
424 752 580 826 solitudo
606 763 692 842 erat,
718 749 840 847 paucis
866 745 1098 844 spadonibus,
1125 748 1210 842 quia
1234 773 1306 843 quo
1333 747 1446 822 disce-

207 861 336 939 derent
359 889 434 937 non
459 862 654 950 habebant,
689 855 999 931 circumstantibus
1034 881 1167 953 regem
1220 855 1272 929 At
1296 857 1366 946 ille,
1393 883 1446 931 re-
1465 875 1503 925 ro

207 975 314 1048 motis
340 974 493 1062 arbitris,
521 971 582 1042 diu
608 966 704 1040 aliud
728 977 836 1064 atque
862 964 961 1039 aliud
985 967 1174 1040 consilium
1200 965 1318 1038 eninm
1346 968 1445 1040 volu·

202 1086 318 1158 ,tabat
370 1081 516 1176 Iamque
551 1078 790 1168 solitudinem,
825 1103 934 1175 quam
964 1079 1073 1176 paulo
1106 1087 1191 1150 ante
1223 1101 1289 1175 pro
1316 1077 1446 1150 solatio

200 1195 402 1292 petiverat,
438 1214 602 1286 perosus,
634 1186 803 1262 Bubacen
820 1189 959 1264 ‘vocari
984 1189 1094 1263 iubet
1149 1185 1265 1277 Quem
1290 1189 1446 1278 intuens,
1465 1206 1500 1254 11

205 1302 266 1390 Ite,
291 1300 416 1396 inquit,
442 1301 596 1375 calamita
620 1299 725 1392 vais,
750 1300 799 1373 od
821 1301 975 1374 ultiman
999 1301 1074 1397 rapi
1096 1313 1220 1389 oestro,
1245 1311 1282 1370 ul
1305 1299 1447 1388 decebat,

194 1412 273 1511 fide
297 1411 449 1485 caldata
501 1411 576 1512 Epo
600 1412 653 1485 lic
677 1411 872 1512 lepuafuti
890 1411 959 1484 mei
981 1423 1124 1508 expecto.
1163 1407 1323 1482 Forsitan
1348 1407 1446 1480 mire·

205 1521 763 1624 na‚paodvitamuouflniun:
796 1521 1064 1612 oliuroacclere,
1100 1545 1203 1620 qauuu
1233 1543 1324 1609 uuo,
1358 1519 1447 1592 mori

203 1635 303 1709 mula.
354 1631 445 1706 Post
475 1631 568 1703 hanc
597 1653 723 1703 vocem
754 1627 867 1725 spado
898 1631 1035 1727 gemitu
1066 1655 1140 1703 non
1172 1627 1444 1702 tabernaculum
1464 1646 1500 1694 ra

203 1743 330 1833 ωοᾶο,
363 1740 428 1815 sed
462 1741 570 1813 etiam
603 1750 722 1813 castm
754 1739 955 1835 complevit
1017 1737 1185 1836 Irrupere
1216 1736 1348 1810 deinde
1374 1739 1444 1826 alii,

203 1853 439 1948 laceratisque
464 1850 625 1924 vestibus
652 1848 793 1947 lugubri
819 1859 857 1921 et
881 1849 1037 1950 barbaro
1068 1849 1210 1922 ulrrlatu
1235 1873 1359 1946 regem
1384 1841 1467 1921 de·'

204 1963 347 2060 plorare
373 1973 578 2061 coeperunt
628 1961 779 2050 Persae,
805 1958 853 2031 ad
878 1959 958 2032 illos
985 1959 1142 2032 clamore
1168 1959 1325 2058 perlato,
1352 1969 1443 2031 atto
1463 1975 1499 2025 1³

122 2095 129 2104 ·
205 2073 270 2146 niti
301 2083 415 2164 metu,
454 2097 521 2146 nec
552 2097 652 2146 anua
681 2093 823 2167 capere,
855 2093 902 2143 ne
926 2071 964 2142 in
990 2069 1200 2144 Bactrianos
1234 2069 1444 2158 inciderent,

203 2207 271 2255 nec
296 2183 477 2278 quiescere
507 2181 704 2270 audebant,
738 2205 793 2254 ne·
809 2181 916 2277 impie
942 2175 1258 2278 descrere'regem
1283 2178 1446 2253 videren-

205 2303 275 2366 tur.
329 2291 459 2366 Varius
485 2317 527 2364 ac
553 2291 717 2366 dissonus
743 2291 876 2364 clamor
902 2292 979 2366 sine
1006 2291 1098 2366 duce
1124 2317 1167 2364 ac
1194 2291 1270 2365 sine
1294 2289 1444 2388 imperio
1463 2307 1500 2358 1⁴
1573 2373 1578 2378 ,

205 2404 292 2476 totis
317 2403 442 2478 castris
468 2404 697 2477 referebatur.

154 2513 205 2586 34
307 2513 420 2588 Besso
454 2527 492 2590 et
516 2515 714 2588 Nabarzani
741 2513 995 2585 nuntiaverant
1020 2513 1094 2602 sui,
1121 2538 1244 2612 regem
1270 2537 1292 2586 a
1318 2523 1447 2585 semet·

205 2623 284 2721 ipso
324 2625 578 2725 interemptum
617 2651 705 2698 esse.
757 2623 928 2696 Planctus
964 2648 1025 2697 eos
1061 2622 1263 2722 deceperat
1315 2621 1443 2718 Itaque
1463 2638 1499 2687 1⁵

206 2734 322 2807 citatis
349 2737 449 2833 equis
475 2735 657 2826 advolant,
685 2735 916 2831 sequentibus
943 2760 1034 2832 quos
1047 2733 1094 2807 ad
1109 2735 1346 2807 ministerium
1373 2757 1447 2805 sce·

203 2845 287 2918 leris
318 2845 541 2942 delegerant3
576 2858 614 2921 et
639 2872 720 2920 cum
744 2845 1015 2919 tabernaculum
1041 2845 1256 2934 intrassent,
1282 2844 1368 2940 quia
1392 2867 1446 2915 re·

203 2979 288 3052 gem
320 2956 443 3029 uivere
484 2955 661 3054 spadones
699 2954 920 3045 indicabant,
960 2955 1216 3054 comprehendi
1250 2941 1447 3050 vincirique

204 3064 394 3138 iusserunt
447 3064 527 3138 Rex
553 3057 658 3138 curru
685 3067 790 3163 paulo
821 3075 907 3137 ante
934 3057 1068 3138 vectus¹
1087 3076 1125 3138 et
1150 3062 1302 3138 deorum
1328 3065 1446 3162 auspi·
1465 3081 1501 3130 ra

206 3174 268 3247 ciis
301 3200 343 3248 sc
374 3175 448 3248 suis
480 3176 676 3250 honoribus
710 3176 842 3266 cultus,
881 3176 981 3247 nullu
1006 3186 1160 3250 externa
1191 3201 1262 3274 ope
1288 3173 1446 3264 admota,
1548 3203 1551 3208 ·

147 3350 150 3360 “
239 3341 341 3410 dilapsi
357 3351 418 3422 suut
434 3343 556 3462 annolus]
592 3341 707 3422 ¹Additur
728 3340 806 3420 vulgo
840 3342 889 3394 ciis
906 3340 1074 3424 delcrerqmt:
1092 3341 1226 3421 debebant
1236 3341 1332 3422 potius
1341 3341 1448 3393 loued-

206 3411 806 3546 ttatt'tttttla‘tttttt‘tt
839 3411 944 3529 illd
962 3408 1447 3548 ltttt‘ttlttltttttt'tt

206 3543 236 3597 in
252 3543 300 3597 reli
318 3543 358 3598 uis
380 3545 619 3611 sabbatorum,
642 3545 688 3598 sad
706 3554 806 3598 utrum·
840 3545 926 3598 tidem.
962 3546 1077 3598 Deorum
1096 3549 1221 3615 ompiclia
1242 3545 1382 3600 colebatur
1397 3559 1447 3598 rex

208 3627 262 3681 qus
388 3621 430 3666 est
447 3629 496 3668 neo
512 3623 600 3668 ortum
617 3613 666 3666 uisi
678 3629 712 3665 ex
725 3614 806 3666 verbo
840 3612 988 3680 Persarum,
1008 3613 1108 3684 quippe
1124 3613 1198 3666 cuius
1214 3631 1320 3668 currum
1337 3612 1447 3672 deomm

204 3679 328 3802 proxime
464 3689 534 3735 enta
573 3681 734 3735 Deisveraut
755 3681 807 3734 iam
840 3681 978 3734 simulacra
998 3690 1125 3734 ornarent
1150 3689 1179 3734 et
1206 3681 1248 3736 cui
1283 3697 1358 3736 mcor
1377 3679 1449 3751 ignis

221 3765 296 3802 umus
312 3755 342 3803 et
389 3749 472 3803 odius.
809 3779 812 3787 ,
840 3749 1030 3819 praefer-retum
1047 3753 1104 3803 suia
1121 3751 1262 3802 samatus
1280 3749 1326 3820 qui
1344 3748 1382 3802 illi
1400 3748 1447 3802 uni

226 3817 263 3883 ᾗ.
283 3823 322 3870 la.
357 3833 409 3870 uon
426 3818 620 3870 utmucutua
638 3820 722 3885 modo}
757 3816 803 3871 Sic
838 3825 973 3888 tamquam
995 3817 1054 3886 regi
1082 3833 1113 3871 ao
1138 3816 1246 3870 domino
1273 3817 1446 3882 haberentur,

205 3900 294 3937 omnes
320 3886 397 3939 codd.
423 3885 506 3939 nostri
538 3893 567 3938 et
594 3885 673 3938 Snalr.
698 3895 804 3956 praeter
838 3883 908 3938 inter
929 3902 996 3956 quos
1019 3885 1145 3956 imprimis
1173 3885 1288 3940 adulatio
1313 3885 1449 3957 (προσκύ-

205 3951 282 4030 Vqsa
309 3959 320 4005 l
344 3953 391 4024 qui
413 3971 465 4006 non
490 3957 565 4006 modo
591 3956 689 4007 tubera.
716 3957 803 4018 moda·
838 3953 928 4074 upote)
947 3962 1013 4006 erat.
1393 3959 1396 3965 ‘

205 4019 271 4073 editi
288 4039 340 4074 uon
357 4023 501 4081 amdotob.
872 4024 945 4074 nula
982 4032 1088 4075 externo
1121 4039 1169 4091 ope
1195 4024 1312 4090 seducto]
1367 4021 1447 4090 opem

241 4087 305 4158 Cap
323 4095 370 4156 st,
389 4094 413 4156 s.
432 4096 472 4144 lt.
508 4098 532 4142 ct
554 4091 658 4142 deorum
678 4091 806 4158 auspiciis
840 4089 866 4142 b.
893 4089 910 4142 l
936 4089 1056 4160 intelligo
1083 4107 1137 4142 non
1164 4088 1289 4142 armillum
1313 4089 1360 4141 sed
1382 4089 1448 4154 vim,

206 4173 240 4210 oc
265 4159 323 4210 ruia
347 4159 488 4212 bonoribus
514 4159 609 4226 cultus]
651 4157 695 4211 Sic
720 4158 805 4224 codd,
840 4174 947 4228 operam
965 4197 973 4224 ‚
991 4158 1018 4211 iu
1036 4157 1132 4211 uniam
1149 4167 1263 4228 partem,
1282 4157 1321 4211 uti
1336 4157 1448 4210 Forcel·

206 4231 311 4278 tantum
356 4227 409 4280 ood
431 4225 458 4279 in
479 4225 652 4280 deterioribus
673 4234 755 4296 acque
772 4243 805 4278 ex
840 4225 956 4279 linurin
979 4226 1031 4279 lex.
1055 4226 1115 4282 loco
1139 4225 1251 4279 Liviana
1273 4239 1358 4291 xm,
1381 4241 1404 4281 e.
1431 4233 1445 4278 7

206 4291 237 4345 iis
254 4291 282 4345 in
299 4293 332 4344 ed
382 4293 499 4364 antiquis
524 4311 578 4348 non
595 4311 627 4347 uc
644 4293 690 4346 sad
707 4295 749 4346 ol
786 4293 806 4337 ⁸-
840 4294 874 4346 ad
899 4294 943 4346 tin.
971 4293 1052 4347 allato
1076 4295 1187 4364 probat:
1220 4297 1287 4347 odeo
1309 4295 1368 4348 aiae
1389 4295 1447 4346 ullo

208 4367 261 4414 tur.
283 4360 343 4416 Hoc
360 4379 420 4416 orm
437 4379 541 4416 mosum
558 4381 609 4416 non
628 4363 743 4424 baberet,
775 4381 805 4414 u·
839 4379 887 4430 ope
904 4364 1003 4428 tostis,
1022 4379 1089 4432 quau
1106 4371 1278 4432 upproooret.
1305 4379 1363 4416 cum
1385 4363 1448 4431 ipso

207 4427 265 4482 nius
289 4429 423 4500 ceterique
449 4441 511 4500 post
532 4448 591 4484 eum
608 4447 697 4484 omnes
714 4433 805 4500 cuspi-
840 4431 995 4500 difficultate
1019 4433 1193 4501 puquoadum
1220 4441 1285 4484 erut.
1325 4430 1397 4485 Flor.
1420 4428 1448 4484 G
