<?xml version="1.0" encoding="UTF-8"?>
<!DOCTYPE html PUBLIC "-//W3C//DTD XHTML 1.0 Transitional//EN"
    "http://www.w3.org/TR/xhtml1/DTD/xhtml1-transitional.dtd">
<html xmlns="http://www.w3.org/1999/xhtml" xml:lang="en" lang="en">
 <head>
  <title>
</title>
<meta http-equiv="Content-Type" content="text/html;charset=utf-8" />
  <meta name='ocr-system' content='tesseract 3.04.00' />
  <meta name='ocr-capabilities' content='ocr_page ocr_carea ocr_par ocr_line ocrx_word'/>
</head>
<body>
  <div class='ocr_page' id='page_1' title='image "./qcurtiirufidege03rufugoog_0333.png"; bbox 0 0 3350 5042; ppageno 0'>
   <div class='ocr_carea' id='block_1_1' title="bbox 239 264 1633 448">
    <p class='ocr_par' dir='ltr' id='par_1_1' title="bbox 239 248 1633 448">
     <span class='ocr_line' id='line_1_1' title="bbox 239 264 1633 448; baseline -0.001 -77"><span class='ocrx_word' id='word_1_1' title='bbox 239 285 312 372; x_wconf 81' lang='grc'>306</span> <span class='ocrx_word' id='word_1_2' title='bbox 735 315 768 380; x_wconf 83' lang='lat' dir='ltr'>a.</span> <span class='ocrx_word' id='word_1_3' title='bbox 796 313 919 448; x_wconf 45' lang='lat' dir='ltr'>congri</span> <span class='ocrx_word' id='word_1_4' title='bbox 942 317 1027 370; x_wconf 81' lang='lat' dir='ltr'>sorr</span> <span class='ocrx_word' id='word_1_5' title='bbox 1627 264 1633 382; x_wconf 86' lang='lat' dir='ltr'>l</span> 
     </span>
    </p>
   </div>
   <div class='ocr_carea' id='block_1_2' title="bbox 186 493 1637 2810">
    <p class='ocr_par' dir='ltr' id='par_1_2' title="bbox 190 493 1637 2372">
     <span class='ocr_line' id='line_1_2' title="bbox 190 493 1637 598; baseline 0 -28"><span class='ocrx_word' id='word_1_6' title='bbox 190 501 237 570; x_wconf 86' lang='lat'>14</span> <span class='ocrx_word' id='word_1_7' title='bbox 340 493 428 568; x_wconf 89' lang='lat' dir='ltr'>Inde</span> <span class='ocrx_word' id='word_1_8' title='bbox 466 521 594 598; x_wconf 83' lang='lat' dir='ltr'>agmen</span> <span class='ocrx_word' id='word_1_9' title='bbox 632 501 804 598; x_wconf 87' lang='lat' dir='ltr'>processit</span> <span class='ocrx_word' id='word_1_10' title='bbox 841 499 889 576; x_wconf 88' lang='lat' dir='ltr'>ad</span> <span class='ocrx_word' id='word_1_11' title='bbox 920 499 1118 575; x_wconf 77' lang='lat' dir='ltr'><strong>Caucasum</strong></span> <span class='ocrx_word' id='word_1_12' title='bbox 1153 509 1331 589; x_wconf 81' lang='lat' dir='ltr'>montem,</span> <span class='ocrx_word' id='word_1_13' title='bbox 1372 499 1475 572; x_wconf 89' lang='lat' dir='ltr'>cuius</span> <span class='ocrx_word' id='word_1_14' title='bbox 1493 509 1524 560; x_wconf 75' lang='lat'>¹⁵</span> <span class='ocrx_word' id='word_1_15' title='bbox 1635 506 1637 583; x_wconf 75' lang='lat' dir='ltr'>l</span> 
     </span>
     <span class='ocr_line' id='line_1_3' title="bbox 237 594 1637 712; baseline 0.005 -35"><span class='ocrx_word' id='word_1_16' title='bbox 237 603 385 678; x_wconf 90' lang='lat' dir='ltr'>dorsum</span> <span class='ocrx_word' id='word_1_17' title='bbox 419 605 543 684; x_wconf 82' lang='lat' dir='ltr'>Asiam</span> <span class='ocrx_word' id='word_1_18' title='bbox 586 622 759 712; x_wconf 89' lang='lat' dir='ltr'>perpetuo</span> <span class='ocrx_word' id='word_1_19' title='bbox 796 615 880 712; x_wconf 85' lang='lat' dir='ltr'>iugo</span> <span class='ocrx_word' id='word_1_20' title='bbox 917 610 1059 684; x_wconf 85' lang='lat' dir='ltr'>dividit:</span> <span class='ocrx_word' id='word_1_21' title='bbox 1096 608 1181 682; x_wconf 93' lang='lat' dir='ltr'>hinc</span> <span class='ocrx_word' id='word_1_22' title='bbox 1220 611 1325 684; x_wconf 92' lang='lat' dir='ltr'>simul</span> <span class='ocrx_word' id='word_1_23' title='bbox 1364 635 1477 697; x_wconf 57' lang='lat' dir='ltr'>mre</span> <span class='ocrx_word' id='word_1_24' title='bbox 1636 594 1637 609; x_wconf 36' lang='lat'>¹</span> 
     </span>
     <span class='ocr_line' id='line_1_4' title="bbox 238 715 1480 821; baseline 0.003 -31"><span class='ocrx_word' id='word_1_25' title='bbox 238 716 335 814; x_wconf 91' lang='lat' dir='ltr'>quod</span> <span class='ocrx_word' id='word_1_26' title='bbox 363 715 519 796; x_wconf 79' lang='lat' dir='ltr'>Ciliciam</span> <span class='ocrx_word' id='word_1_27' title='bbox 545 723 656 814; x_wconf 88' lang='lat' dir='ltr'>subit,</span> <span class='ocrx_word' id='word_1_28' title='bbox 682 723 776 796; x_wconf 89' lang='lat' dir='ltr'>illinc</span> <span class='ocrx_word' id='word_1_29' title='bbox 802 719 969 821; x_wconf 75' lang='lat' dir='ltr'>Caspium</span> <span class='ocrx_word' id='word_1_30' title='bbox 995 721 1127 792; x_wconf 88' lang='lat' dir='ltr'>fretum</span> <span class='ocrx_word' id='word_1_31' title='bbox 1154 731 1192 792; x_wconf 86' lang='lat' dir='ltr'>et</span> <span class='ocrx_word' id='word_1_32' title='bbox 1216 743 1360 794; x_wconf 89' lang='lat' dir='ltr'>amnem</span> <span class='ocrx_word' id='word_1_33' title='bbox 1386 721 1480 794; x_wconf 83' lang='lat' dir='ltr'>Ara·</span> 
     </span>
     <span class='ocr_line' id='line_1_5' title="bbox 236 829 1530 930; baseline -0.005 -28"><span class='ocrx_word' id='word_1_34' title='bbox 236 853 320 903; x_wconf 89' lang='lat' dir='ltr'>xem</span> <span class='ocrx_word' id='word_1_35' title='bbox 360 832 499 930; x_wconf 87' lang='lat' dir='ltr'>aliaque</span> <span class='ocrx_word' id='word_1_36' title='bbox 539 832 692 930; x_wconf 85' lang='lat' dir='ltr'>regionis</span> <span class='ocrx_word' id='word_1_37' title='bbox 724 829 891 930; x_wconf 82' lang='lat' dir='ltr'>Scythiae</span> <span class='ocrx_word' id='word_1_38' title='bbox 928 831 1072 904; x_wconf 85' lang='lat' dir='ltr'>deserta</span> <span class='ocrx_word' id='word_1_39' title='bbox 1111 839 1281 926; x_wconf 75' lang='lat' dir='ltr'>spectat·</span> <span class='ocrx_word' id='word_1_40' title='bbox 1322 831 1480 919; x_wconf 77' lang='lat' dir='ltr'>Taurus,</span> <span class='ocrx_word' id='word_1_41' title='bbox 1497 848 1530 896; x_wconf 82' lang='lat' dir='ltr'>so</span> 
     </span>
     <span class='ocr_line' id='line_1_6' title="bbox 236 939 1480 1040; baseline -0.002 -26"><span class='ocrx_word' id='word_1_42' title='bbox 236 942 416 1016; x_wconf 85' lang='lat' dir='ltr'>secundae</span> <span class='ocrx_word' id='word_1_43' title='bbox 442 941 694 1040; x_wconf 85' lang='lat' dir='ltr'>magnitudinis</span> <span class='ocrx_word' id='word_1_44' title='bbox 721 965 839 1030; x_wconf 91' lang='lat' dir='ltr'>mons,</span> <span class='ocrx_word' id='word_1_45' title='bbox 870 941 1103 1013; x_wconf 84' lang='lat' dir='ltr'>committitur</span> <span class='ocrx_word' id='word_1_46' title='bbox 1130 939 1306 1032; x_wconf 88' lang='lat' dir='ltr'>Caucaso,</span> <span class='ocrx_word' id='word_1_47' title='bbox 1334 967 1357 1012; x_wconf 86' lang='lat' dir='ltr'>a</span> <span class='ocrx_word' id='word_1_48' title='bbox 1384 939 1480 1038; x_wconf 83' lang='lat' dir='ltr'>Cap</span> 
     </span>
     <span class='ocr_line' id='line_1_7' title="bbox 235 1047 1480 1152; baseline -0.002 -26"><span class='ocrx_word' id='word_1_49' title='bbox 235 1053 386 1152; x_wconf 87' lang='lat' dir='ltr'>padocia</span> <span class='ocrx_word' id='word_1_50' title='bbox 411 1077 450 1125; x_wconf 87' lang='lat' dir='ltr'>se</span> <span class='ocrx_word' id='word_1_51' title='bbox 476 1052 643 1124; x_wconf 84' lang='lat' dir='ltr'>attollens</span> <span class='ocrx_word' id='word_1_52' title='bbox 670 1047 824 1123; x_wconf 84' lang='lat' dir='ltr'>Ciliciam</span> <span class='ocrx_word' id='word_1_53' title='bbox 850 1052 1030 1151; x_wconf 82' lang='lat' dir='ltr'>praeterit,</span> <span class='ocrx_word' id='word_1_54' title='bbox 1056 1051 1320 1152; x_wconf 87' lang='lat' dir='ltr'>Armeniaeque</span> <span class='ocrx_word' id='word_1_55' title='bbox 1346 1052 1480 1126; x_wconf 86' lang='lat' dir='ltr'>monti·</span> 
     </span>
     <span class='ocr_line' id='line_1_8' title="bbox 237 1159 1530 1263; baseline 0.002 -27"><span class='ocrx_word' id='word_1_56' title='bbox 237 1165 304 1236; x_wconf 90' lang='lat' dir='ltr'>bus</span> <span class='ocrx_word' id='word_1_57' title='bbox 330 1162 497 1260; x_wconf 87' lang='lat' dir='ltr'>iungitur.</span> <span class='ocrx_word' id='word_1_58' title='bbox 538 1159 596 1236; x_wconf 91' lang='lat' dir='ltr'>Sic</span> <span class='ocrx_word' id='word_1_59' title='bbox 622 1161 714 1234; x_wconf 86' lang='lat' dir='ltr'>inter</span> <span class='ocrx_word' id='word_1_60' title='bbox 739 1185 778 1236; x_wconf 89' lang='lat' dir='ltr'>se</span> <span class='ocrx_word' id='word_1_61' title='bbox 803 1161 888 1263; x_wconf 86' lang='lat' dir='ltr'>iuga</span> <span class='ocrx_word' id='word_1_62' title='bbox 913 1165 1013 1238; x_wconf 89' lang='lat' dir='ltr'>velut</span> <span class='ocrx_word' id='word_1_63' title='bbox 1038 1166 1129 1240; x_wconf 90' lang='lat' dir='ltr'>serie</span> <span class='ocrx_word' id='word_1_64' title='bbox 1156 1167 1385 1240; x_wconf 87' lang='lat' dir='ltr'>cohaerentia</span> <span class='ocrx_word' id='word_1_65' title='bbox 1397 1189 1480 1263; x_wconf 89' lang='lat' dir='ltr'>per·</span> <span class='ocrx_word' id='word_1_66' title='bbox 1498 1179 1530 1226; x_wconf 75' lang='lat'>²1</span> 
     </span>
     <span class='ocr_line' id='line_1_9' title="bbox 236 1271 1479 1373; baseline 0.002 -27"><span class='ocrx_word' id='word_1_67' title='bbox 236 1283 385 1372; x_wconf 87' lang='lat' dir='ltr'>petuam</span> <span class='ocrx_word' id='word_1_68' title='bbox 411 1273 547 1347; x_wconf 90' lang='lat' dir='ltr'>habent</span> <span class='ocrx_word' id='word_1_69' title='bbox 572 1271 734 1366; x_wconf 89' lang='lat' dir='ltr'>dorsum,</span> <span class='ocrx_word' id='word_1_70' title='bbox 761 1283 813 1349; x_wconf 85' lang='lat' dir='ltr'>&#39;ex</span> <span class='ocrx_word' id='word_1_71' title='bbox 839 1301 910 1373; x_wconf 94' lang='lat' dir='ltr'>quo</span> <span class='ocrx_word' id='word_1_72' title='bbox 936 1275 1044 1350; x_wconf 88' lang='lat' dir='ltr'>Asiae</span> <span class='ocrx_word' id='word_1_73' title='bbox 1070 1278 1191 1352; x_wconf 87' lang='lat' dir='ltr'>omnis</span> <span class='ocrx_word' id='word_1_74' title='bbox 1216 1279 1289 1350; x_wconf 88' lang='lat' dir='ltr'>sere</span> <span class='ocrx_word' id='word_1_75' title='bbox 1314 1277 1479 1364; x_wconf 84' lang='lat' dir='ltr'>flumina,</span> 
     </span>
     <span class='ocr_line' id='line_1_10' title="bbox 237 1381 1481 1486; baseline 0.001 -30"><span class='ocrx_word' id='word_1_76' title='bbox 237 1383 308 1458; x_wconf 89' lang='lat' dir='ltr'>alia</span> <span class='ocrx_word' id='word_1_77' title='bbox 332 1384 370 1456; x_wconf 91' lang='lat' dir='ltr'>in</span> <span class='ocrx_word' id='word_1_78' title='bbox 396 1381 574 1477; x_wconf 88' lang='lat' dir='ltr'>Rubrum,</span> <span class='ocrx_word' id='word_1_79' title='bbox 601 1385 670 1458; x_wconf 84' lang='lat' dir='ltr'>alia</span> <span class='ocrx_word' id='word_1_80' title='bbox 694 1385 732 1458; x_wconf 94' lang='lat' dir='ltr'>in</span> <span class='ocrx_word' id='word_1_81' title='bbox 758 1385 926 1485; x_wconf 81' lang='lat' dir='ltr'>Caspium</span> <span class='ocrx_word' id='word_1_82' title='bbox 950 1412 1068 1478; x_wconf 85' lang='lat' dir='ltr'>mare,</span> <span class='ocrx_word' id='word_1_83' title='bbox 1094 1387 1165 1459; x_wconf 87' lang='lat' dir='ltr'>alia</span> <span class='ocrx_word' id='word_1_84' title='bbox 1190 1387 1226 1458; x_wconf 92' lang='lat' dir='ltr'>in</span> <span class='ocrx_word' id='word_1_85' title='bbox 1253 1384 1481 1486; x_wconf 82' lang='lat' dir='ltr'>Hyrcanium</span> 
     </span>
     <span class='ocr_line' id='line_1_11' title="bbox 235 1493 1533 1595; baseline -0.001 -26"><span class='ocrx_word' id='word_1_86' title='bbox 235 1506 273 1570; x_wconf 89' lang='lat' dir='ltr'>et</span> <span class='ocrx_word' id='word_1_87' title='bbox 298 1493 489 1570; x_wconf 86' lang='lat' dir='ltr'>Ponticum</span> <span class='ocrx_word' id='word_1_88' title='bbox 521 1495 699 1570; x_wconf 79' lang='lat' dir='ltr'>decidunt</span> <span class='ocrx_word' id='word_1_89' title='bbox 751 1519 832 1570; x_wconf 82' lang='lat' dir='ltr'><strong>xv11</strong></span> <span class='ocrx_word' id='word_1_90' title='bbox 864 1497 1002 1570; x_wconf 92' lang='lat' dir='ltr'>dierum</span> <span class='ocrx_word' id='word_1_91' title='bbox 1034 1499 1152 1595; x_wconf 89' lang='lat' dir='ltr'>spatio</span> <span class='ocrx_word' id='word_1_92' title='bbox 1186 1495 1387 1571; x_wconf 76' lang='lat' dir='ltr'>Caucasum</span> <span class='ocrx_word' id='word_1_93' title='bbox 1417 1521 1479 1568; x_wconf 92' lang='lat' dir='ltr'>su·</span> <span class='ocrx_word' id='word_1_94' title='bbox 1499 1511 1533 1562; x_wconf 75' lang='lat'>22</span> 
     </span>
     <span class='ocr_line' id='line_1_12' title="bbox 235 1605 1479 1707; baseline -0.002 -26"><span class='ocrx_word' id='word_1_95' title='bbox 235 1608 376 1707; x_wconf 83' lang='lat' dir='ltr'>paravit</span> <span class='ocrx_word' id='word_1_96' title='bbox 409 1608 599 1680; x_wconf 85' lang='lat' dir='ltr'>exereitus.</span> <span class='ocrx_word' id='word_1_97' title='bbox 649 1605 770 1704; x_wconf 80' lang='lat' dir='ltr'>Rupes</span> <span class='ocrx_word' id='word_1_98' title='bbox 803 1607 838 1678; x_wconf 95' lang='lat' dir='ltr'>in</span> <span class='ocrx_word' id='word_1_99' title='bbox 866 1631 908 1680; x_wconf 90' lang='lat' dir='ltr'>eo</span> <span class='ocrx_word' id='word_1_100' title='bbox 933 1631 960 1680; x_wconf 89' lang='lat' dir='ltr'>x</span> <span class='ocrx_word' id='word_1_101' title='bbox 993 1607 1213 1683; x_wconf 74' lang='lat' dir='ltr'>incircuitu</span> <span class='ocrx_word' id='word_1_102' title='bbox 1238 1608 1356 1682; x_wconf 83' lang='lat' dir='ltr'>stadia</span> <span class='ocrx_word' id='word_1_103' title='bbox 1381 1632 1479 1680; x_wconf 79' lang='lat' dir='ltr'>com·</span> 
     </span>
     <span class='ocr_line' id='line_1_13' title="bbox 234 1715 1479 1818; baseline 0.001 -28"><span class='ocrx_word' id='word_1_104' title='bbox 234 1719 418 1817; x_wconf 87' lang='lat' dir='ltr'>plectitur,</span> <span class='ocrx_word' id='word_1_105' title='bbox 453 1729 623 1815; x_wconf 86' lang='lat' dir='ltr'>quattuor</span> <span class='ocrx_word' id='word_1_106' title='bbox 648 1718 685 1790; x_wconf 90' lang='lat' dir='ltr'>in</span> <span class='ocrx_word' id='word_1_107' title='bbox 711 1715 935 1792; x_wconf 82' lang='lat' dir='ltr'>altitudinem</span> <span class='ocrx_word' id='word_1_108' title='bbox 961 1717 1118 1811; x_wconf 84' lang='lat' dir='ltr'>excedit,</span> <span class='ocrx_word' id='word_1_109' title='bbox 1152 1723 1190 1794; x_wconf 88' lang='lat' dir='ltr'>in</span> <span class='ocrx_word' id='word_1_110' title='bbox 1217 1745 1289 1818; x_wconf 87' lang='lat' dir='ltr'>qua</span> <span class='ocrx_word' id='word_1_111' title='bbox 1313 1719 1479 1792; x_wconf 86' lang='lat' dir='ltr'>vinctum</span> 
     </span>
     <span class='ocr_line' id='line_1_14' title="bbox 233 1827 1532 1926; baseline 0.002 -26"><span class='ocrx_word' id='word_1_112' title='bbox 233 1827 451 1902; x_wconf 87' lang='lat' dir='ltr'>Promethea</span> <span class='ocrx_word' id='word_1_113' title='bbox 475 1828 585 1902; x_wconf 88' lang='lat' dir='ltr'>fuisse</span> <span class='ocrx_word' id='word_1_114' title='bbox 610 1829 801 1926; x_wconf 86' lang='lat' dir='ltr'>antiquitas</span> <span class='ocrx_word' id='word_1_115' title='bbox 828 1827 947 1902; x_wconf 77' lang='lat' dir='ltr'>tradit</span> <span class='ocrx_word' id='word_1_116' title='bbox 988 1827 1206 1904; x_wconf 83' lang='lat' dir='ltr'>Condendae</span> <span class='ocrx_word' id='word_1_117' title='bbox 1231 1831 1269 1903; x_wconf 90' lang='lat' dir='ltr'>in</span> <span class='ocrx_word' id='word_1_118' title='bbox 1295 1829 1478 1904; x_wconf 90' lang='lat' dir='ltr'>radicibus</span> <span class='ocrx_word' id='word_1_119' title='bbox 1496 1847 1532 1895; x_wconf 78' lang='grc'>23</span> 
     </span>
     <span class='ocr_line' id='line_1_15' title="bbox 235 1937 1479 2016; baseline 0.002 -6"><span class='ocrx_word' id='word_1_120' title='bbox 235 1939 367 2012; x_wconf 86' lang='lat' dir='ltr'>montis</span> <span class='ocrx_word' id='word_1_121' title='bbox 400 1939 481 2014; x_wconf 90' lang='lat' dir='ltr'>urbi</span> <span class='ocrx_word' id='word_1_122' title='bbox 512 1937 616 2014; x_wconf 89' lang='lat' dir='ltr'>sedes</span> <span class='ocrx_word' id='word_1_123' title='bbox 648 1939 761 2014; x_wconf 86' lang='lat' dir='ltr'>electa</span> <span class='ocrx_word' id='word_1_124' title='bbox 787 1950 851 2014; x_wconf 81' lang='lat' dir='ltr'>est</span> <span class='ocrx_word' id='word_1_125' title='bbox 902 1962 958 2014; x_wconf 85' lang='lat' dir='ltr'>vn</span> <span class='ocrx_word' id='word_1_126' title='bbox 982 1943 1124 2016; x_wconf 91' lang='lat' dir='ltr'>milibus</span> <span class='ocrx_word' id='word_1_127' title='bbox 1151 1943 1333 2016; x_wconf 90' lang='lat' dir='ltr'>seniorum</span> <span class='ocrx_word' id='word_1_128' title='bbox 1357 1938 1479 2013; x_wconf 72' lang='lat' dir='ltr'>Mace</span> 
     </span>
     <span class='ocr_line' id='line_1_16' title="bbox 235 2049 1479 2151; baseline 0.002 -29"><span class='ocrx_word' id='word_1_129' title='bbox 235 2049 371 2123; x_wconf 93' lang='lat' dir='ltr'>donum</span> <span class='ocrx_word' id='word_1_130' title='bbox 397 2061 435 2126; x_wconf 88' lang='lat' dir='ltr'>et</span> <span class='ocrx_word' id='word_1_131' title='bbox 465 2063 650 2150; x_wconf 86' lang='lat' dir='ltr'>praeterea</span> <span class='ocrx_word' id='word_1_132' title='bbox 681 2052 866 2144; x_wconf 86' lang='lat' dir='ltr'>militibus,</span> <span class='ocrx_word' id='word_1_133' title='bbox 901 2077 1053 2150; x_wconf 91' lang='lat' dir='ltr'>quorum</span> <span class='ocrx_word' id='word_1_134' title='bbox 1088 2077 1200 2151; x_wconf 87' lang='lat' dir='ltr'>opera</span> <span class='ocrx_word' id='word_1_135' title='bbox 1232 2053 1285 2126; x_wconf 84' lang='lat' dir='ltr'>uti</span> <span class='ocrx_word' id='word_1_136' title='bbox 1312 2051 1479 2141; x_wconf 75' lang='lat' dir='ltr'>desisset,</span> 
     </span>
     <span class='ocr_line' id='line_1_17' title="bbox 234 2161 1479 2262; baseline 0 -26"><span class='ocrx_word' id='word_1_137' title='bbox 234 2163 447 2260; x_wconf 86' lang='lat' dir='ltr'>permissum</span> <span class='ocrx_word' id='word_1_138' title='bbox 474 2164 511 2234; x_wconf 92' lang='lat' dir='ltr'>in</span> <span class='ocrx_word' id='word_1_139' title='bbox 536 2187 669 2236; x_wconf 87' lang='lat' dir='ltr'>novam</span> <span class='ocrx_word' id='word_1_140' title='bbox 694 2161 819 2236; x_wconf 91' lang='lat' dir='ltr'>urbem</span> <span class='ocrx_word' id='word_1_141' title='bbox 845 2163 1039 2239; x_wconf 89' lang='lat' dir='ltr'>considere.</span> <span class='ocrx_word' id='word_1_142' title='bbox 1091 2161 1197 2238; x_wconf 85' lang='lat' dir='ltr'>Hanc</span> <span class='ocrx_word' id='word_1_143' title='bbox 1223 2187 1366 2262; x_wconf 92' lang='lat' dir='ltr'>quoque</span> <span class='ocrx_word' id='word_1_144' title='bbox 1390 2161 1479 2236; x_wconf 88' lang='lat' dir='ltr'>Ale-</span> 
     </span>
     <span class='ocr_line' id='line_1_18' title="bbox 233 2267 1449 2372; baseline 0.006 -28"><span class='ocrx_word' id='word_1_145' title='bbox 233 2271 424 2346; x_wconf 86' lang='lat' dir='ltr'>xandriam</span> <span class='ocrx_word' id='word_1_146' title='bbox 450 2273 586 2347; x_wconf 87' lang='lat' dir='ltr'>incolae</span> <span class='ocrx_word' id='word_1_147' title='bbox 612 2274 891 2372; x_wconf 73' lang='lat' dir='ltr'>appellaverunt</span> <span class='ocrx_word' id='word_1_148' title='bbox 1446 2267 1449 2272; x_wconf 38' lang='lat'>¹</span> 
     </span>
    </p>

    <p class='ocr_par' dir='ltr' id='par_1_3' title="bbox 186 2383 1533 2810">
     <span class='ocr_line' id='line_1_19' title="bbox 186 2383 1533 2484; baseline -0.001 -26"><span class='ocrx_word' id='word_1_149' title='bbox 186 2385 231 2458; x_wconf 91' lang='lat'>15</span> <span class='ocrx_word' id='word_1_150' title='bbox 255 2459 257 2464; x_wconf 77' lang='grc'>,</span> <span class='ocrx_word' id='word_1_151' title='bbox 336 2383 389 2456; x_wconf 79' lang='lat' dir='ltr'>At</span> <span class='ocrx_word' id='word_1_152' title='bbox 413 2383 557 2474; x_wconf 87' lang='lat' dir='ltr'>Bessus,</span> <span class='ocrx_word' id='word_1_153' title='bbox 579 2383 776 2459; x_wconf 86' lang='lat' dir='ltr'>Alexandri</span> <span class='ocrx_word' id='word_1_154' title='bbox 802 2386 981 2460; x_wconf 85' lang='lat' dir='ltr'>celeritate</span> <span class='ocrx_word' id='word_1_155' title='bbox 1007 2385 1229 2483; x_wconf 74' lang='lat' dir='ltr'>perterritam,</span> <span class='ocrx_word' id='word_1_156' title='bbox 1255 2383 1323 2460; x_wconf 91' lang='lat' dir='ltr'>diis</span> <span class='ocrx_word' id='word_1_157' title='bbox 1350 2383 1478 2484; x_wconf 84' lang='lat' dir='ltr'>patriis</span> <span class='ocrx_word' id='word_1_158' title='bbox 1489 2403 1533 2451; x_wconf 79' lang='lat' dir='ltr'>lv.</span> 
     </span>
     <span class='ocr_line' id='line_1_20' title="bbox 229 2495 1477 2595; baseline 0 -27"><span class='ocrx_word' id='word_1_159' title='bbox 229 2495 407 2568; x_wconf 88' lang='lat' dir='ltr'>sacrificio</span> <span class='ocrx_word' id='word_1_160' title='bbox 432 2498 500 2570; x_wconf 88' lang='lat' dir='ltr'>rite</span> <span class='ocrx_word' id='word_1_161' title='bbox 525 2498 637 2586; x_wconf 85' lang='lat' dir='ltr'>facto,</span> <span class='ocrx_word' id='word_1_162' title='bbox 669 2495 761 2569; x_wconf 90' lang='lat' dir='ltr'>sicut</span> <span class='ocrx_word' id='word_1_163' title='bbox 786 2497 853 2570; x_wconf 89' lang='lat' dir='ltr'>illis</span> <span class='ocrx_word' id='word_1_164' title='bbox 880 2495 1046 2595; x_wconf 88' lang='lat' dir='ltr'>gentibus</span> <span class='ocrx_word' id='word_1_165' title='bbox 1072 2521 1152 2570; x_wconf 90' lang='lat' dir='ltr'>mos</span> <span class='ocrx_word' id='word_1_166' title='bbox 1179 2507 1253 2588; x_wconf 87' lang='lat' dir='ltr'>est,</span> <span class='ocrx_word' id='word_1_167' title='bbox 1281 2523 1363 2571; x_wconf 91' lang='lat' dir='ltr'>cum</span> <span class='ocrx_word' id='word_1_168' title='bbox 1389 2497 1477 2570; x_wconf 89' lang='lat' dir='ltr'>ami-</span> 
     </span>
     <span class='ocr_line' id='line_1_21' title="bbox 231 2606 1474 2706; baseline -0.001 -27"><span class='ocrx_word' id='word_1_169' title='bbox 231 2606 284 2679; x_wconf 88' lang='lat' dir='ltr'>cis</span> <span class='ocrx_word' id='word_1_170' title='bbox 313 2607 534 2705; x_wconf 87' lang='lat' dir='ltr'>ducibusque</span> <span class='ocrx_word' id='word_1_171' title='bbox 560 2608 741 2706; x_wconf 84' lang='lat' dir='ltr'>copiarum</span> <span class='ocrx_word' id='word_1_172' title='bbox 767 2607 861 2681; x_wconf 85' lang='lat' dir='ltr'>inter</span> <span class='ocrx_word' id='word_1_173' title='bbox 886 2607 1009 2706; x_wconf 83' lang='lat' dir='ltr'>epulas</span> <span class='ocrx_word' id='word_1_174' title='bbox 1041 2607 1087 2682; x_wconf 88' lang='lat' dir='ltr'>de</span> <span class='ocrx_word' id='word_1_175' title='bbox 1112 2607 1209 2682; x_wconf 87' lang='lat' dir='ltr'>bello</span> <span class='ocrx_word' id='word_1_176' title='bbox 1235 2606 1474 2682; x_wconf 79' lang='lat' dir='ltr'>oonsrdtabst</span> 
     </span>
     <span class='ocr_line' id='line_1_22' title="bbox 235 2715 1510 2810; baseline -0.001 -18"><span class='ocrx_word' id='word_1_177' title='bbox 235 2715 373 2792; x_wconf 87' lang='lat' dir='ltr'>Graves</span> <span class='ocrx_word' id='word_1_178' title='bbox 400 2744 499 2792; x_wconf 91' lang='lat' dir='ltr'>mero</span> <span class='ocrx_word' id='word_1_179' title='bbox 526 2743 610 2792; x_wconf 89' lang='lat' dir='ltr'>suas</span> <span class='ocrx_word' id='word_1_180' title='bbox 636 2719 730 2792; x_wconf 88' lang='lat' dir='ltr'>vires</span> <span class='ocrx_word' id='word_1_181' title='bbox 756 2719 945 2810; x_wconf 89' lang='lat' dir='ltr'>extollere,</span> <span class='ocrx_word' id='word_1_182' title='bbox 979 2718 1138 2793; x_wconf 90' lang='lat' dir='ltr'>hostium</span> <span class='ocrx_word' id='word_1_183' title='bbox 1172 2737 1269 2792; x_wconf 90' lang='lat' dir='ltr'>nuno</span> <span class='ocrx_word' id='word_1_184' title='bbox 1295 2717 1510 2792; x_wconf 75' lang='lat' dir='ltr'>tamenta-²</span> 
     </span>
    </p>
   </div>
   <div class='ocr_carea' id='block_1_3' title="bbox 226 2977 1474 3117">
    <p class='ocr_par' dir='ltr' id='par_1_4' title="bbox 226 2977 1474 3117">
     <span class='ocr_line' id='line_1_23' title="bbox 226 2977 1474 3050; baseline -0.003 -15"><span class='ocrx_word' id='word_1_185' title='bbox 226 3029 231 3035; x_wconf 96' lang='lat'>.</span> <span class='ocrx_word' id='word_1_186' title='bbox 267 2979 333 3050; x_wconf 82' lang='lat' dir='ltr'>Cap.</span> <span class='ocrx_word' id='word_1_187' title='bbox 353 2986 395 3041; x_wconf 77' lang='lat'>1⁴.</span> <span class='ocrx_word' id='word_1_188' title='bbox 423 2981 446 3047; x_wconf 68' lang='grc' dir='ltr'>ς.</span> <span class='ocrx_word' id='word_1_189' title='bbox 466 2985 506 3034; x_wconf 82' lang='grc'>19.</span> <span class='ocrx_word' id='word_1_190' title='bbox 542 2979 581 3032; x_wconf 79' lang='lat' dir='ltr'>ad</span> <span class='ocrx_word' id='word_1_191' title='bbox 599 2977 746 3034; x_wconf 69' lang='lat' dir='ltr'>Caucasias</span> <span class='ocrx_word' id='word_1_192' title='bbox 762 2995 834 3034; x_wconf 81' lang='lat' dir='ltr'>mon·</span> <span class='ocrx_word' id='word_1_193' title='bbox 867 2977 1074 3049; x_wconf 78' lang='lat' dir='ltr'>etHyroanium</span> <span class='ocrx_word' id='word_1_194' title='bbox 1089 2994 1173 3048; x_wconf 85' lang='lat' dir='ltr'>mare,</span> <span class='ocrx_word' id='word_1_195' title='bbox 1191 2978 1297 3034; x_wconf 86' lang='lat' dir='ltr'>nomina</span> <span class='ocrx_word' id='word_1_196' title='bbox 1314 2977 1474 3034; x_wconf 72' lang='lat' dir='ltr'>tanturm-di·</span> 
     </span>
     <span class='ocr_line' id='line_1_24' title="bbox 231 3046 1474 3117; baseline 0 -17"><span class='ocrx_word' id='word_1_197' title='bbox 231 3057 287 3102; x_wconf 84' lang='lat' dir='ltr'>tarn.</span> <span class='ocrx_word' id='word_1_198' title='bbox 323 3047 454 3117; x_wconf 85' lang='lat' dir='ltr'>Intelligit</span> <span class='ocrx_word' id='word_1_199' title='bbox 471 3060 600 3100; x_wconf 87' lang='lat' dir='ltr'>summum</span> <span class='ocrx_word' id='word_1_200' title='bbox 617 3046 708 3116; x_wconf 87' lang='lat' dir='ltr'>iugum</span> <span class='ocrx_word' id='word_1_201' title='bbox 719 3047 834 3101; x_wconf 86' lang='lat' dir='ltr'>eiusdem</span> <span class='ocrx_word' id='word_1_202' title='bbox 868 3065 942 3102; x_wconf 82' lang='lat' dir='ltr'>serso</span> <span class='ocrx_word' id='word_1_203' title='bbox 959 3046 1062 3114; x_wconf 81' lang='lat' dir='ltr'>vocari,</span> <span class='ocrx_word' id='word_1_204' title='bbox 1085 3046 1138 3101; x_wconf 88' lang='lat' dir='ltr'>iam</span> <span class='ocrx_word' id='word_1_205' title='bbox 1155 3047 1254 3102; x_wconf 85' lang='lat' dir='ltr'>oblitus</span> <span class='ocrx_word' id='word_1_206' title='bbox 1276 3047 1365 3101; x_wconf 67' lang='lat' dir='ltr'>fuerit</span> <span class='ocrx_word' id='word_1_207' title='bbox 1400 3046 1474 3100; x_wconf 82' lang='lat' dir='ltr'>Reli·</span> 
     </span>
    </p>
   </div>
   <div class='ocr_carea' id='block_1_4' title="bbox 227 3114 1475 3645">
    <p class='ocr_par' dir='ltr' id='par_1_5' title="bbox 227 3114 1474 3196">
     <span class='ocr_line' id='line_1_25' title="bbox 227 3114 1474 3196; baseline -0.002 -26"><span class='ocrx_word' id='word_1_208' title='bbox 227 3115 343 3196; x_wconf 74' lang='lat' dir='ltr'>regionis</span> <span class='ocrx_word' id='word_1_209' title='bbox 360 3125 511 3184; x_wconf 81' lang='lat' dir='ltr'>montanae,</span> <span class='ocrx_word' id='word_1_210' title='bbox 539 3133 617 3187; x_wconf 91' lang='lat' dir='ltr'>quam</span> <span class='ocrx_word' id='word_1_211' title='bbox 635 3115 720 3170; x_wconf 85' lang='lat' dir='ltr'>adhuc</span> <span class='ocrx_word' id='word_1_212' title='bbox 736 3115 834 3170; x_wconf 82' lang='lat' dir='ltr'>descri-</span> <span class='ocrx_word' id='word_1_213' title='bbox 867 3133 978 3188; x_wconf 88' lang='lat' dir='ltr'>quorum</span> <span class='ocrx_word' id='word_1_214' title='bbox 995 3132 1113 3170; x_wconf 80' lang='lat' dir='ltr'>enorum</span> <span class='ocrx_word' id='word_1_215' title='bbox 1130 3114 1190 3170; x_wconf 84' lang='lat' dir='ltr'>sons</span> <span class='ocrx_word' id='word_1_216' title='bbox 1207 3125 1249 3170; x_wconf 82' lang='lat' dir='ltr'>est</span> <span class='ocrx_word' id='word_1_217' title='bbox 1284 3117 1338 3170; x_wconf 90' lang='lat' dir='ltr'>uod</span> <span class='ocrx_word' id='word_1_218' title='bbox 1351 3123 1380 3168; x_wconf 86' lang='lat' dir='ltr'>et</span> <span class='ocrx_word' id='word_1_219' title='bbox 1390 3115 1474 3168; x_wconf 85' lang='lat' dir='ltr'>Tauri</span> 
     </span>
    </p>

    <p class='ocr_par' dir='ltr' id='par_1_6' title="bbox 230 3134 1474 3256">
     <span class='ocr_line' id='line_1_26' title="bbox 230 3134 1474 3256; baseline -0.001 -18"><span class='ocrx_word' id='word_1_220' title='bbox 230 3193 292 3256; x_wconf 68' lang='lat' dir='ltr'>para</span> <span class='ocrx_word' id='word_1_221' title='bbox 326 3183 398 3238; x_wconf 88' lang='lat' dir='ltr'>Nam</span> <span class='ocrx_word' id='word_1_222' title='bbox 417 3185 522 3238; x_wconf 84' lang='lat' dir='ltr'>Taurus</span> <span class='ocrx_word' id='word_1_223' title='bbox 539 3201 626 3252; x_wconf 89' lang='lat' dir='ltr'>mans,</span> <span class='ocrx_word' id='word_1_224' title='bbox 654 3201 706 3254; x_wconf 88' lang='lat' dir='ltr'>quo</span> <span class='ocrx_word' id='word_1_225' title='bbox 730 3183 834 3238; x_wconf 85' lang='lat' dir='ltr'>nornine</span> <span class='ocrx_word' id='word_1_226' title='bbox 867 3193 896 3238; x_wconf 86' lang='lat' dir='ltr'>et</span> <span class='ocrx_word' id='word_1_227' title='bbox 914 3183 1024 3239; x_wconf 86' lang='lat' dir='ltr'>Caucasi</span> <span class='ocrx_word' id='word_1_228' title='bbox 1041 3183 1177 3238; x_wconf 87' lang='lat' dir='ltr'>nominum</span> <span class='ocrx_word' id='word_1_229' title='bbox 1193 3134 1339 3254; x_wconf 78' lang='lat' dir='ltr'>appellatio</span> <span class='ocrx_word' id='word_1_230' title='bbox 1356 3183 1474 3254; x_wconf 80' lang='lat' dir='ltr'>apr-iore</span> 
     </span>
    </p>

    <p class='ocr_par' dir='ltr' id='par_1_7' title="bbox 230 3250 1475 3332">
     <span class='ocr_line' id='line_1_27' title="bbox 230 3250 1475 3332; baseline -0.002 -26"><span class='ocrx_word' id='word_1_231' title='bbox 230 3261 318 3306; x_wconf 76' lang='lat' dir='ltr'>totum</span> <span class='ocrx_word' id='word_1_232' title='bbox 337 3253 412 3322; x_wconf 83' lang='lat' dir='ltr'>quasi</span> <span class='ocrx_word' id='word_1_233' title='bbox 429 3253 536 3308; x_wconf 61' lang='lat' dir='ltr'>mesum</span> <span class='ocrx_word' id='word_1_234' title='bbox 547 3251 626 3306; x_wconf 83' lang='lat' dir='ltr'>Asiae</span> <span class='ocrx_word' id='word_1_235' title='bbox 642 3250 833 3332; x_wconf 82' lang='lat' dir='ltr'>appellabatur,</span> <span class='ocrx_word' id='word_1_236' title='bbox 867 3263 945 3324; x_wconf 82' lang='lat' dir='ltr'>parts</span> <span class='ocrx_word' id='word_1_237' title='bbox 962 3251 1041 3306; x_wconf 83' lang='lat' dir='ltr'>Asiae</span> <span class='ocrx_word' id='word_1_238' title='bbox 1066 3252 1100 3306; x_wconf 86' lang='lat' dir='ltr'>ad</span> <span class='ocrx_word' id='word_1_239' title='bbox 1121 3251 1248 3308; x_wconf 78' lang='lat' dir='ltr'>interiora</span> <span class='ocrx_word' id='word_1_240' title='bbox 1269 3251 1475 3324; x_wconf 80' lang='lat' dir='ltr'>longissimeque</span> 
     </span>
    </p>

    <p class='ocr_par' dir='ltr' id='par_1_8' title="bbox 231 3315 1219 3392">
     <span class='ocr_line' id='line_1_28' title="bbox 231 3315 1219 3392; baseline 0 -18"><span class='ocrx_word' id='word_1_241' title='bbox 231 3322 277 3374; x_wconf 82' lang='lat' dir='ltr'>ubi</span> <span class='ocrx_word' id='word_1_242' title='bbox 289 3338 318 3374; x_wconf 83' lang='lat' dir='ltr'>ae</span> <span class='ocrx_word' id='word_1_243' title='bbox 331 3338 431 3392; x_wconf 82' lang='lat' dir='ltr'>qaoque</span> <span class='ocrx_word' id='word_1_244' title='bbox 445 3331 578 3390; x_wconf 68' lang='lat' dir='ltr'>exasperat,</span> <span class='ocrx_word' id='word_1_245' title='bbox 592 3315 680 3375; x_wconf 89' lang='lat' dir='ltr'>Plimo</span> <span class='ocrx_word' id='word_1_246' title='bbox 695 3328 763 3374; x_wconf 81' lang='lat' dir='ltr'>teste</span> <span class='ocrx_word' id='word_1_247' title='bbox 778 3331 832 3375; x_wconf 88' lang='lat' dir='ltr'>nst.</span> <span class='ocrx_word' id='word_1_248' title='bbox 867 3328 969 3375; x_wconf 80' lang='lat' dir='ltr'>remota</span> <span class='ocrx_word' id='word_1_249' title='bbox 986 3328 1135 3392; x_wconf 81' lang='lat' dir='ltr'>propagata</span> <span class='ocrx_word' id='word_1_250' title='bbox 1152 3329 1219 3375; x_wconf 74' lang='lat' dir='ltr'>erat</span> 
     </span>
    </p>

    <p class='ocr_par' dir='ltr' id='par_1_9' title="bbox 230 3388 1474 3528">
     <span class='ocr_line' id='line_1_29' title="bbox 230 3388 1474 3460; baseline -0.002 -18"><span class='ocrx_word' id='word_1_251' title='bbox 230 3389 292 3442; x_wconf 73' lang='lat' dir='ltr'>hiat</span> <span class='ocrx_word' id='word_1_252' title='bbox 309 3403 339 3454; x_wconf 79' lang='grc' dir='ltr'>ν,</span> <span class='ocrx_word' id='word_1_253' title='bbox 357 3395 401 3456; x_wconf 81' lang='grc'>27,</span> <span class='ocrx_word' id='word_1_254' title='bbox 432 3389 547 3443; x_wconf 77' lang='lat' dir='ltr'>Caucasi</span> <span class='ocrx_word' id='word_1_255' title='bbox 564 3388 670 3444; x_wconf 86' lang='lat' dir='ltr'>nomine</span> <span class='ocrx_word' id='word_1_256' title='bbox 686 3397 833 3460; x_wconf 70' lang='lat' dir='ltr'>manetur.</span> <span class='ocrx_word' id='word_1_257' title='bbox 901 3393 925 3458; x_wconf 68' lang='grc' dir='ltr'>ξ.</span> <span class='ocrx_word' id='word_1_258' title='bbox 943 3395 985 3442; x_wconf 91' lang='grc'>22.</span> <span class='ocrx_word' id='word_1_259' title='bbox 1010 3402 1076 3441; x_wconf 82' lang='lat' dir='ltr'>xvrr</span> <span class='ocrx_word' id='word_1_260' title='bbox 1093 3389 1205 3460; x_wconf 66' lang='lat' dir='ltr'>eliaam]</span> <span class='ocrx_word' id='word_1_261' title='bbox 1224 3389 1320 3442; x_wconf 84' lang='lat' dir='ltr'>Decem</span> <span class='ocrx_word' id='word_1_262' title='bbox 1337 3398 1361 3442; x_wconf 85' lang='lat' dir='ltr'>et</span> <span class='ocrx_word' id='word_1_263' title='bbox 1379 3398 1474 3458; x_wconf 82' lang='lat' dir='ltr'>septem</span> 
     </span>
     <span class='ocr_line' id='line_1_30' title="bbox 265 3455 1474 3528; baseline -0.002 -18"><span class='ocrx_word' id='word_1_264' title='bbox 265 3475 367 3510; x_wconf 83' lang='lat' dir='ltr'>amnem</span> <span class='ocrx_word' id='word_1_265' title='bbox 401 3460 518 3510; x_wconf 77' lang='lat' dir='ltr'>Araxem</span> <span class='ocrx_word' id='word_1_266' title='bbox 552 3459 665 3528; x_wconf 83' lang='lat' dir='ltr'>aliaque.</span> <span class='ocrx_word' id='word_1_267' title='bbox 724 3459 833 3510; x_wconf 78' lang='lat' dir='ltr'>Araxen</span> <span class='ocrx_word' id='word_1_268' title='bbox 868 3459 933 3512; x_wconf 84' lang='lat' dir='ltr'>dier.</span> <span class='ocrx_word' id='word_1_269' title='bbox 951 3455 1112 3511; x_wconf 84' lang='lat' dir='ltr'>Flor.EGH</span> <span class='ocrx_word' id='word_1_270' title='bbox 1129 3457 1211 3511; x_wconf 84' lang='lat' dir='ltr'>Bam.</span> <span class='ocrx_word' id='word_1_271' title='bbox 1229 3457 1262 3510; x_wconf 90' lang='lat' dir='ltr'>B.</span> <span class='ocrx_word' id='word_1_272' title='bbox 1288 3457 1355 3510; x_wconf 84' lang='lat' dir='ltr'>Mox</span> <span class='ocrx_word' id='word_1_273' title='bbox 1374 3459 1402 3510; x_wconf 84' lang='lat' dir='ltr'>in</span> <span class='ocrx_word' id='word_1_274' title='bbox 1421 3459 1474 3510; x_wconf 85' lang='lat' dir='ltr'>cir·</span> 
     </span>
    </p>

    <p class='ocr_par' dir='ltr' id='par_1_10' title="bbox 230 3524 1475 3645">
     <span class='ocr_line' id='line_1_31' title="bbox 230 3524 1475 3645; baseline -0.002 -67"><span class='ocrx_word' id='word_1_275' title='bbox 230 3524 315 3579; x_wconf 83' lang='lat' dir='ltr'>edidit</span> <span class='ocrx_word' id='word_1_276' title='bbox 332 3525 413 3579; x_wconf 87' lang='lat' dir='ltr'>Snalr.</span> <span class='ocrx_word' id='word_1_277' title='bbox 438 3533 469 3579; x_wconf 84' lang='lat' dir='ltr'>ut</span> <span class='ocrx_word' id='word_1_278' title='bbox 487 3526 526 3579; x_wconf 84' lang='lat' dir='ltr'>ait</span> <span class='ocrx_word' id='word_1_279' title='bbox 543 3542 577 3579; x_wconf 85' lang='lat' dir='ltr'>ex</span> <span class='ocrx_word' id='word_1_280' title='bbox 594 3543 666 3592; x_wconf 84' lang='lat' dir='ltr'>mss.;</span> <span class='ocrx_word' id='word_1_281' title='bbox 684 3533 834 3580; x_wconf 86' lang='lat' dir='ltr'>nostrorum</span> <span class='ocrx_word' id='word_1_282' title='bbox 867 3528 938 3580; x_wconf 80' lang='lat' dir='ltr'>calta</span> <span class='ocrx_word' id='word_1_283' title='bbox 964 3524 1087 3579; x_wconf 83' lang='lat' dir='ltr'>scribitm</span> <span class='ocrx_word' id='word_1_284' title='bbox 1108 3525 1136 3578; x_wconf 86' lang='lat' dir='ltr'>iu</span> <span class='ocrx_word' id='word_1_285' title='bbox 1153 3525 1251 3580; x_wconf 83' lang='lat' dir='ltr'>nostris</span> <span class='ocrx_word' id='word_1_286' title='bbox 1277 3525 1398 3580; x_wconf 87' lang='lat' dir='ltr'>omnibus</span> <span class='ocrx_word' id='word_1_287' title='bbox 1424 3541 1475 3645; x_wconf 73' lang='lat' dir='ltr'>pro</span> 
     </span>
    </p>
   </div>
   <div class='ocr_carea' id='block_1_5' title="bbox 227 3591 1475 4484">
    <p class='ocr_par' dir='ltr' id='par_1_11' title="bbox 227 3591 1475 4484">
     <span class='ocr_line' id='line_1_32' title="bbox 230 3591 1474 3664; baseline -0.002 -18"><span class='ocrx_word' id='word_1_288' title='bbox 230 3611 285 3647; x_wconf 91' lang='lat' dir='ltr'>non</span> <span class='ocrx_word' id='word_1_289' title='bbox 302 3594 402 3648; x_wconf 85' lang='lat' dir='ltr'>habent</span> <span class='ocrx_word' id='word_1_290' title='bbox 419 3593 469 3648; x_wconf 88' lang='lat' dir='ltr'>nisi</span> <span class='ocrx_word' id='word_1_291' title='bbox 486 3594 567 3648; x_wconf 86' lang='lat' dir='ltr'>Bam.</span> <span class='ocrx_word' id='word_1_292' title='bbox 585 3595 626 3661; x_wconf 77' lang='lat' dir='ltr'>A,</span> <span class='ocrx_word' id='word_1_293' title='bbox 652 3601 710 3646; x_wconf 85' lang='lat' dir='ltr'>tum</span> <span class='ocrx_word' id='word_1_294' title='bbox 728 3609 833 3664; x_wconf 87' lang='lat' dir='ltr'>quoque</span> <span class='ocrx_word' id='word_1_295' title='bbox 866 3596 937 3664; x_wconf 79' lang='lat' dir='ltr'>vulg.</span> <span class='ocrx_word' id='word_1_296' title='bbox 956 3595 1100 3646; x_wconf 84' lang='lat' dir='ltr'>circumitu.</span> <span class='ocrx_word' id='word_1_297' title='bbox 1128 3593 1200 3646; x_wconf 83' lang='lat' dir='ltr'>Tum</span> <span class='ocrx_word' id='word_1_298' title='bbox 1216 3593 1300 3646; x_wconf 89' lang='lat' dir='ltr'>miror</span> <span class='ocrx_word' id='word_1_299' title='bbox 1314 3591 1423 3646; x_wconf 89' lang='lat' dir='ltr'>inomni</span> <span class='ocrx_word' id='word_1_300' title='bbox 1442 3609 1474 3644; x_wconf 84' lang='lat' dir='ltr'>us</span> 
     </span>
     <span class='ocr_line' id='line_1_33' title="bbox 229 3660 1475 3732; baseline -0.001 -18"><span class='ocrx_word' id='word_1_301' title='bbox 229 3661 301 3716; x_wconf 80' lang='lat' dir='ltr'>Flor.</span> <span class='ocrx_word' id='word_1_302' title='bbox 319 3661 361 3714; x_wconf 92' lang='lat' dir='ltr'>DI</span> <span class='ocrx_word' id='word_1_303' title='bbox 379 3665 489 3716; x_wconf 77' lang='lat' dir='ltr'>Araxen</span> <span class='ocrx_word' id='word_1_304' title='bbox 507 3674 530 3716; x_wconf 84' lang='lat' dir='ltr'>et</span> <span class='ocrx_word' id='word_1_305' title='bbox 548 3664 604 3716; x_wconf 84' lang='lat' dir='ltr'>alia</span> <span class='ocrx_word' id='word_1_306' title='bbox 622 3679 696 3732; x_wconf 79' lang='lat' dir='ltr'>qaae.</span> <span class='ocrx_word' id='word_1_307' title='bbox 867 3660 962 3715; x_wconf 87' lang='lat' dir='ltr'>nastris</span> <span class='ocrx_word' id='word_1_308' title='bbox 979 3669 1008 3714; x_wconf 82' lang='lat' dir='ltr'>et</span> <span class='ocrx_word' id='word_1_309' title='bbox 1020 3660 1100 3714; x_wconf 72' lang='lat' dir='ltr'>Snala</span> <span class='ocrx_word' id='word_1_310' title='bbox 1110 3661 1245 3716; x_wconf 87' lang='lat' dir='ltr'>codicibus</span> <span class='ocrx_word' id='word_1_311' title='bbox 1263 3661 1400 3715; x_wconf 80' lang='lat' dir='ltr'>inventum</span> <span class='ocrx_word' id='word_1_312' title='bbox 1417 3676 1475 3713; x_wconf 85' lang='lat' dir='ltr'>esse</span> 
     </span>
     <span class='ocr_line' id='line_1_34' title="bbox 264 3727 1475 3801; baseline -0.001 -19"><span class='ocrx_word' id='word_1_313' title='bbox 264 3731 288 3797; x_wconf 65' lang='grc' dir='ltr'>ξ.</span> <span class='ocrx_word' id='word_1_314' title='bbox 306 3736 348 3783; x_wconf 82' lang='grc'>21.</span> <span class='ocrx_word' id='word_1_315' title='bbox 386 3733 431 3784; x_wconf 86' lang='lat' dir='ltr'>Sia</span> <span class='ocrx_word' id='word_1_316' title='bbox 454 3733 523 3784; x_wconf 73' lang='lat' dir='ltr'>isaer</span> <span class='ocrx_word' id='word_1_317' title='bbox 539 3749 568 3785; x_wconf 84' lang='lat' dir='ltr'>ae</span> <span class='ocrx_word' id='word_1_318' title='bbox 585 3733 657 3801; x_wconf 66' lang='lat' dir='ltr'>iupa.</span> <span class='ocrx_word' id='word_1_319' title='bbox 693 3729 833 3784; x_wconf 87' lang='lat' dir='ltr'>Omisimus</span> <span class='ocrx_word' id='word_1_320' title='bbox 867 3732 896 3783; x_wconf 83' lang='lat' dir='ltr'>in</span> <span class='ocrx_word' id='word_1_321' title='bbox 913 3747 977 3800; x_wconf 86' lang='lat' dir='ltr'>qao,</span> <span class='ocrx_word' id='word_1_322' title='bbox 1001 3744 1035 3782; x_wconf 81' lang='lat' dir='ltr'>ex</span> <span class='ocrx_word' id='word_1_323' title='bbox 1057 3747 1110 3784; x_wconf 88' lang='lat' dir='ltr'>uno</span> <span class='ocrx_word' id='word_1_324' title='bbox 1128 3729 1209 3784; x_wconf 74' lang='lat' dir='ltr'>Berua</span> <span class='ocrx_word' id='word_1_325' title='bbox 1227 3731 1254 3783; x_wconf 76' lang='lat' dir='ltr'>A</span> <span class='ocrx_word' id='word_1_326' title='bbox 1280 3727 1345 3782; x_wconf 86' lang='lat' dir='ltr'>nibil</span> <span class='ocrx_word' id='word_1_327' title='bbox 1369 3727 1475 3800; x_wconf 84' lang='lat' dir='ltr'>asulg.</span> 
     </span>
     <span class='ocr_line' id='line_1_35' title="bbox 229 3796 1266 3868; baseline 0.001 -19"><span class='ocrx_word' id='word_1_328' title='bbox 229 3797 301 3868; x_wconf 92' lang='lat' dir='ltr'>quod</span> <span class='ocrx_word' id='word_1_329' title='bbox 319 3797 426 3852; x_wconf 84' lang='lat' dir='ltr'>additur</span> <span class='ocrx_word' id='word_1_330' title='bbox 439 3799 485 3851; x_wconf 81' lang='lat' dir='ltr'>vul</span> <span class='ocrx_word' id='word_1_331' title='bbox 503 3817 520 3852; x_wconf 93' lang='lat' dir='ltr'>o</span> <span class='ocrx_word' id='word_1_332' title='bbox 538 3801 611 3853; x_wconf 84' lang='lat' dir='ltr'>tati</span> <span class='ocrx_word' id='word_1_333' title='bbox 646 3817 672 3864; x_wconf 87' lang='lat' dir='ltr'>a,</span> <span class='ocrx_word' id='word_1_334' title='bbox 691 3797 833 3851; x_wconf 84' lang='lat' dir='ltr'>auctorita-</span> <span class='ocrx_word' id='word_1_335' title='bbox 867 3800 896 3851; x_wconf 85' lang='lat' dir='ltr'>ia</span> <span class='ocrx_word' id='word_1_336' title='bbox 913 3815 965 3868; x_wconf 76' lang='lat' dir='ltr'>praa</span> <span class='ocrx_word' id='word_1_337' title='bbox 983 3796 1116 3851; x_wconf 84' lang='lat' dir='ltr'>diversam</span> <span class='ocrx_word' id='word_1_338' title='bbox 1133 3804 1266 3852; x_wconf 80' lang='lat' dir='ltr'>enotatur.</span> 
     </span>
     <span class='ocr_line' id='line_1_36' title="bbox 230 3864 1474 3935; baseline 0.002 -18"><span class='ocrx_word' id='word_1_339' title='bbox 230 3874 286 3917; x_wconf 81' lang='lat' dir='ltr'>tem</span> <span class='ocrx_word' id='word_1_340' title='bbox 300 3867 383 3919; x_wconf 88' lang='lat' dir='ltr'>secuti</span> <span class='ocrx_word' id='word_1_341' title='bbox 395 3866 470 3921; x_wconf 88' lang='lat' dir='ltr'>Leid.</span> <span class='ocrx_word' id='word_1_342' title='bbox 503 3886 558 3922; x_wconf 87' lang='lat' dir='ltr'>ern.</span> <span class='ocrx_word' id='word_1_343' title='bbox 568 3868 617 3921; x_wconf 83' lang='lat' dir='ltr'>AB</span> <span class='ocrx_word' id='word_1_344' title='bbox 650 3864 834 3922; x_wconf 74' lang='lat' dir='ltr'>lonasscsn</span> <span class='ocrx_word' id='word_1_345' title='bbox 902 3869 924 3935; x_wconf 66' lang='grc' dir='ltr'>ξ.</span> <span class='ocrx_word' id='word_1_346' title='bbox 948 3871 991 3920; x_wconf 77' lang='grc'>23.</span> <span class='ocrx_word' id='word_1_347' title='bbox 1027 3868 1230 3921; x_wconf 72' lang='lat' dir='ltr'>Alexandriam.</span> <span class='ocrx_word' id='word_1_348' title='bbox 1265 3870 1374 3920; x_wconf 84' lang='lat' dir='ltr'>Vassl</span> <span class='ocrx_word' id='word_1_349' title='bbox 1401 3865 1474 3921; x_wconf 83' lang='lat' dir='ltr'>Flor.</span> 
     </span>
     <span class='ocr_line' id='line_1_37' title="bbox 231 3933 1472 4005; baseline 0 -18"><span class='ocrx_word' id='word_1_350' title='bbox 231 3933 343 3988; x_wconf 66' lang='lat' dir='ltr'>Vosaa.</span> <span class='ocrx_word' id='word_1_351' title='bbox 867 3933 890 3987; x_wconf 91' lang='lat' dir='ltr'>B</span> <span class='ocrx_word' id='word_1_352' title='bbox 910 3935 1112 3988; x_wconf 78' lang='lat' dir='ltr'>Alexandream.</span> <span class='ocrx_word' id='word_1_353' title='bbox 1147 3935 1223 3989; x_wconf 80' lang='lat' dir='ltr'>llaec</span> <span class='ocrx_word' id='word_1_354' title='bbox 1240 3935 1323 4005; x_wconf 82' lang='lat' dir='ltr'>igitur</span> <span class='ocrx_word' id='word_1_355' title='bbox 1338 3943 1381 3988; x_wconf 84' lang='lat' dir='ltr'>eat</span> <span class='ocrx_word' id='word_1_356' title='bbox 1393 3933 1472 3988; x_wconf 81' lang='lat' dir='ltr'>Alex.</span> 
     </span>
     <span class='ocr_line' id='line_1_38' title="bbox 264 4001 1473 4082; baseline 0.002 -28"><span class='ocrx_word' id='word_1_357' title='bbox 264 4001 320 4056; x_wconf 82' lang='lat' dir='ltr'>alia</span> <span class='ocrx_word' id='word_1_358' title='bbox 339 4004 368 4055; x_wconf 85' lang='lat' dir='ltr'>in</span> <span class='ocrx_word' id='word_1_359' title='bbox 377 4003 549 4072; x_wconf 84' lang='lat' dir='ltr'>Hyrcaniam.</span> <span class='ocrx_word' id='word_1_360' title='bbox 573 4004 662 4076; x_wconf 79' lang='lat' dir='ltr'>Vulgo</span> <span class='ocrx_word' id='word_1_361' title='bbox 671 4003 832 4082; x_wconf 78' lang='lat' dir='ltr'>Hyrcanum,</span> <span class='ocrx_word' id='word_1_362' title='bbox 866 4003 901 4054; x_wconf 87' lang='lat' dir='ltr'>ad</span> <span class='ocrx_word' id='word_1_363' title='bbox 911 4001 1066 4070; x_wconf 87' lang='lat' dir='ltr'>Caucasum,</span> <span class='ocrx_word' id='word_1_364' title='bbox 1085 4019 1166 4082; x_wconf 83' lang='lat' dir='ltr'>quam</span> <span class='ocrx_word' id='word_1_365' title='bbox 1175 4001 1205 4057; x_wconf 84' lang='lat'>0.</span> <span class='ocrx_word' id='word_1_366' title='bbox 1216 4003 1338 4056; x_wconf 78' lang='lat' dir='ltr'>Rittems</span> <span class='ocrx_word' id='word_1_367' title='bbox 1355 4003 1473 4056; x_wconf 85' lang='lat' dir='ltr'>ostendit</span> 
     </span>
     <span class='ocr_line' id='line_1_39' title="bbox 227 4069 1471 4140; baseline 0.001 -18"><span class='ocrx_word' id='word_1_368' title='bbox 227 4069 291 4122; x_wconf 83' lang='lat' dir='ltr'>ride</span> <span class='ocrx_word' id='word_1_369' title='bbox 317 4072 352 4123; x_wconf 86' lang='lat' dir='ltr'>ad</span> <span class='ocrx_word' id='word_1_370' title='bbox 379 4071 424 4124; x_wconf 93' lang='lat' dir='ltr'>lib.</span> <span class='ocrx_word' id='word_1_371' title='bbox 442 4085 486 4138; x_wconf 82' lang='lat' dir='ltr'>vr,</span> <span class='ocrx_word' id='word_1_372' title='bbox 513 4079 559 4138; x_wconf 85' lang='grc'>12,</span> <span class='ocrx_word' id='word_1_373' title='bbox 584 4079 623 4126; x_wconf 79' lang='grc'>18.</span> <span class='ocrx_word' id='word_1_374' title='bbox 667 4071 719 4124; x_wconf 79' lang='lat' dir='ltr'>Hie</span> <span class='ocrx_word' id='word_1_375' title='bbox 744 4069 833 4124; x_wconf 78' lang='lat' dir='ltr'>autem</span> <span class='ocrx_word' id='word_1_376' title='bbox 866 4069 945 4123; x_wconf 86' lang='lat' dir='ltr'>hodie</span> <span class='ocrx_word' id='word_1_377' title='bbox 963 4071 1158 4140; x_wconf 85' lang='lat' dir='ltr'>esaeBamryan</span> <span class='ocrx_word' id='word_1_378' title='bbox 1176 4071 1204 4124; x_wconf 89' lang='lat' dir='ltr'>in</span> <span class='ocrx_word' id='word_1_379' title='bbox 1221 4071 1314 4124; x_wconf 89' lang='lat' dir='ltr'>mediis</span> <span class='ocrx_word' id='word_1_380' title='bbox 1328 4070 1471 4137; x_wconf 80' lang='lat' dir='ltr'>montibus,</span> 
     </span>
     <span class='ocr_line' id='line_1_40' title="bbox 230 4137 1472 4208; baseline 0 -17"><span class='ocrx_word' id='word_1_381' title='bbox 230 4140 261 4192; x_wconf 88' lang='grc' dir='ltr'><em>Η</em></span> <span class='ocrx_word' id='word_1_382' title='bbox 291 4141 396 4192; x_wconf 78' lang='lat' dir='ltr'>caniani</span> <span class='ocrx_word' id='word_1_383' title='bbox 413 4137 832 4193; x_wconf 80' lang='lat' dir='ltr'>leid.Vosa1Bern.AFlor.</span> <span class='ocrx_word' id='word_1_384' title='bbox 865 4147 895 4190; x_wconf 87' lang='lat' dir='ltr'>et</span> <span class='ocrx_word' id='word_1_385' title='bbox 911 4138 993 4208; x_wconf 80' lang='lat' dir='ltr'>magis</span> <span class='ocrx_word' id='word_1_386' title='bbox 1017 4138 1211 4208; x_wconf 79' lang='lat' dir='ltr'>septentriones</span> <span class='ocrx_word' id='word_1_387' title='bbox 1234 4156 1326 4192; x_wconf 83' lang='lat' dir='ltr'>versus</span> <span class='ocrx_word' id='word_1_388' title='bbox 1354 4139 1387 4192; x_wconf 87' lang='lat' dir='ltr'>ab</span> <span class='ocrx_word' id='word_1_389' title='bbox 1413 4139 1472 4208; x_wconf 90' lang='lat' dir='ltr'>ipso</span> 
     </span>
     <span class='ocr_line' id='line_1_41' title="bbox 230 4203 1471 4272; baseline 0 -12"><span class='ocrx_word' id='word_1_390' title='bbox 230 4207 254 4260; x_wconf 92' lang='lat' dir='ltr'>B</span> <span class='ocrx_word' id='word_1_391' title='bbox 281 4205 314 4260; x_wconf 89' lang='lat' dir='ltr'>G.</span> <span class='ocrx_word' id='word_1_392' title='bbox 343 4205 468 4261; x_wconf 81' lang='lat' dir='ltr'>Ceterum</span> <span class='ocrx_word' id='word_1_393' title='bbox 485 4216 620 4262; x_wconf 85' lang='lat' dir='ltr'>auctorem</span> <span class='ocrx_word' id='word_1_394' title='bbox 632 4216 749 4261; x_wconf 87' lang='lat' dir='ltr'>nostrum</span> <span class='ocrx_word' id='word_1_395' title='bbox 763 4224 832 4260; x_wconf 82' lang='lat' dir='ltr'>urm·</span> <span class='ocrx_word' id='word_1_396' title='bbox 865 4205 875 4258; x_wconf 89' lang='lat' dir='ltr'>i</span> <span class='ocrx_word' id='word_1_397' title='bbox 933 4245 940 4272; x_wconf 86' lang='lat'>,</span> <span class='ocrx_word' id='word_1_398' title='bbox 966 4203 1096 4260; x_wconf 80' lang='lat' dir='ltr'>Arrianus</span> <span class='ocrx_word' id='word_1_399' title='bbox 1119 4217 1209 4261; x_wconf 85' lang='lat' dir='ltr'>autem</span> <span class='ocrx_word' id='word_1_400' title='bbox 1231 4208 1266 4261; x_wconf 86' lang='lat' dir='ltr'>ad</span> <span class='ocrx_word' id='word_1_401' title='bbox 1288 4207 1471 4260; x_wconf 83' lang='lat' dir='ltr'>meridionales</span> 
     </span>
     <span class='ocr_line' id='line_1_42' title="bbox 230 4223 1471 4355; baseline 0 -27"><span class='ocrx_word' id='word_1_402' title='bbox 230 4291 288 4328; x_wconf 89' lang='lat' dir='ltr'>rnae</span> <span class='ocrx_word' id='word_1_403' title='bbox 310 4275 488 4355; x_wconf 79' lang='lat' dir='ltr'>negligentiae</span> <span class='ocrx_word' id='word_1_404' title='bbox 508 4276 631 4336; x_wconf 66' lang='lat' dir='ltr'>intrabas</span> <span class='ocrx_word' id='word_1_405' title='bbox 652 4274 833 4347; x_wconf 81' lang='lat' dir='ltr'>geographicis</span> <span class='ocrx_word' id='word_1_406' title='bbox 865 4223 965 4328; x_wconf 61' lang='lat' dir='ltr'>iiiios</span> <span class='ocrx_word' id='word_1_407' title='bbox 990 4273 1119 4328; x_wconf 80' lang='lat' dir='ltr'>montium</span> <span class='ocrx_word' id='word_1_408' title='bbox 1146 4275 1273 4341; x_wconf 81' lang='lat' dir='ltr'>collocat,</span> <span class='ocrx_word' id='word_1_409' title='bbox 1304 4283 1337 4328; x_wconf 88' lang='lat' dir='ltr'>ut</span> <span class='ocrx_word' id='word_1_410' title='bbox 1362 4275 1471 4346; x_wconf 84' lang='lat' dir='ltr'>propius</span> 
     </span>
     <span class='ocr_line' id='line_1_43' title="bbox 229 4341 1472 4426; baseline 0 -30"><span class='ocrx_word' id='word_1_411' title='bbox 229 4343 275 4396; x_wconf 81' lang='lat' dir='ltr'>vix</span> <span class='ocrx_word' id='word_1_412' title='bbox 306 4359 445 4414; x_wconf 79' lang='lat' dir='ltr'>quisquam</span> <span class='ocrx_word' id='word_1_413' title='bbox 477 4343 613 4399; x_wconf 84' lang='lat' dir='ltr'>absolvere</span> <span class='ocrx_word' id='word_1_414' title='bbox 643 4342 754 4426; x_wconf 85' lang='lat' dir='ltr'>poterit,</span> <span class='ocrx_word' id='word_1_415' title='bbox 786 4342 833 4414; x_wconf 90' lang='lat' dir='ltr'>qui</span> <span class='ocrx_word' id='word_1_416' title='bbox 865 4344 971 4410; x_wconf 87' lang='lat' dir='ltr'>urbem,</span> <span class='ocrx_word' id='word_1_417' title='bbox 994 4357 1065 4422; x_wconf 73' lang='lat' dir='ltr'>quae</span> <span class='ocrx_word' id='word_1_418' title='bbox 1083 4341 1174 4398; x_wconf 82' lang='lat' dir='ltr'>Kabul</span> <span class='ocrx_word' id='word_1_419' title='bbox 1190 4344 1271 4398; x_wconf 86' lang='lat' dir='ltr'>bodie</span> <span class='ocrx_word' id='word_1_420' title='bbox 1288 4343 1472 4412; x_wconf 62' lang='lat' dir='ltr'>mostursri-</span> 
     </span>
     <span class='ocr_line' id='line_1_44' title="bbox 230 4411 1066 4484; baseline -0.001 -18"><span class='ocrx_word' id='word_1_421' title='bbox 230 4412 310 4466; x_wconf 83' lang='lat' dir='ltr'>etiam</span> <span class='ocrx_word' id='word_1_422' title='bbox 336 4413 407 4484; x_wconf 90' lang='lat' dir='ltr'>quod</span> <span class='ocrx_word' id='word_1_423' title='bbox 425 4429 505 4484; x_wconf 86' lang='lat' dir='ltr'>supra</span> <span class='ocrx_word' id='word_1_424' title='bbox 523 4411 541 4467; x_wconf 89' lang='lat'>1.</span> <span class='ocrx_word' id='word_1_425' title='bbox 557 4411 575 4467; x_wconf 93' lang='lat' dir='ltr'>l.</span> <span class='ocrx_word' id='word_1_426' title='bbox 600 4413 681 4482; x_wconf 66' lang='lat' dir='ltr'>duit,</span> <span class='ocrx_word' id='word_1_427' title='bbox 707 4411 833 4482; x_wconf 85' lang='lat' dir='ltr'>Caspium</span> <span class='ocrx_word' id='word_1_428' title='bbox 867 4411 961 4466; x_wconf 80' lang='lat' dir='ltr'>deatur</span> <span class='ocrx_word' id='word_1_429' title='bbox 978 4411 1066 4466; x_wconf 82' lang='lat' dir='ltr'>tasas.</span> 
     </span>
    </p>
   </div>
   <div class='ocr_carea' id='block_1_6' title="bbox 0 0 1680 5042">
    <p class='ocr_par' dir='ltr' id='par_1_12' title="bbox 0 0 1680 5042">
     <span class='ocr_line' id='line_1_45' title="bbox 0 0 1680 5042; baseline 0 2"><span class='ocrx_word' id='word_1_430' title='bbox 0 0 1680 5042; x_wconf 95' lang='lat' dir='ltr'> </span> 
     </span>
    </p>
   </div>
  </div>
 </body>
</html>
