3324 5054
594 311 645 362 nis
673 311 801 365 neseis
828 311 937 362 inex.
964 311 1015 379 ιι,
1041 309 1083 358 ιι.
1380 293 1451 362 137

205 493 335 564 mirum
361 503 425 564 est:
451 517 510 594 eqo
536 495 634 584 eiiiru,
661 519 737 567 cnm
762 491 901 564 Daretis
928 503 1051 562 ιειναιη
1076 507 1197 581 ureret,
1231 495 1319 568 vicos
1344 495 1454 567 cecin-

152 603 317 692 rideret,
343 602 502 678 alimento
527 614 767 700 corrumperet,
794 613 913 700 potens
937 603 1006 675 mei
1029 627 1095 676 non
1120 627 1231 691 eroum
1263 629 1351 676 norw
1376 629 1453 678 oero

207 843 427 964 seinte
448 841 814 964 tetensteten·
850 848 928 977 {tlt
947 841 1188 964 nescite
1214 843 1347 964 sete
1364 845 1452 966 illi

206 980 284 1050 pauci
302 929 447 1032 deteriores
466 977 549 1046 (Flor.
568 977 630 1048 ΟΕ)
653 982 725 1048 quod
746 952 815 1031 soliis
849 977 915 1028 tiuin
934 976 1018 1030 Scrin.
1037 992 1073 1044 ιι,
1091 986 1122 1044 3,
1141 985 1190 1032 303
1210 931 1353 1032 aliscisiinn
1372 991 1450 1048 ceput

207 1059 262 1100 nisis
288 1063 316 1099 se
342 1047 414 1099 curis
441 1063 559 1100 somnum
589 1049 716 1107 coisset,
747 1063 814 1098 unus
849 1054 1002 1115 contempta
1018 1046 1134 1099 omnium
1150 1045 1274 1099 libroruin
1291 1047 1450 1100 auctoritate

206 1115 280 1167 Flos.
300 1111 329 1166 Η
346 1130 406 1166 mni
423 1113 505 1168 Ber-n.
522 1115 547 1168 B
565 1123 593 1168 et
638 1132 690 1168 oss.
708 1119 723 1166 2
746 1131 814 1167 roin-
838 1113 927 1166 'edere
946 1132 999 1167 non
1016 1113 1149 1180 desinunt,
1167 1115 1228 1184 quia
1240 1123 1320 1185 ceput
1333 1116 1449 1168 abscindi

206 1199 258 1233 nus
276 1183 386 1250 cepisset
402 1183 474 1236 baud
491 1180 814 1236 dubieexemendntione.
849 1179 960 1233 dieitur.
997 1181 1095 1244 Quidni
1119 1181 1199 1251 igitur
1220 1181 1300 1235 etiam
1317 1185 1449 1237 rescissas

205 1247 305 1318 Itaque
326 1267 379 1304 non
405 1249 515 1304 dubium
535 1258 595 1304 erat
616 1250 682 1321 quid
698 1251 813 1316 ederem,
849 1250 926 1302 urbes
943 1249 1172 1315 scribereaudent,
1184 1267 1242 1303 cani
1255 1253 1391 1304 excindere
1403 1270 1449 1305 ur·

206 1333 268 1368 nain
286 1317 556 1382 Acidaliiiudieium,
579 1325 667 1372 totum
688 1319 738 1372 lioc
755 1337 814 1372 orii-
849 1317 906 1383 bes,
931 1335 985 1370 non
1010 1320 1142 1383 excidere,
1169 1317 1231 1388 quin
1252 1327 1324 1372 recte
1345 1319 1449 1373 dicatur

205 1385 287 1438 tionis
311 1403 412 1440 comma
438 1387 472 1438 ab
497 1385 690 1456 interpolatore
716 1387 814 1440 adscri-
849 1401 926 1436 nemo
945 1385 1068 1438 dubitare
1085 1387 1176 1455 possit.
1194 1386 1263 1439 Vide
1290 1387 1448 1458 Heusinger.

205 1463 284 1524 ptum
300 1470 370 1520 esse,
391 1453 430 1506 illi
451 1461 542 1523 potest
558 1453 702 1508 condonari
720 1456 815 1526 depra·
848 1453 882 1505 ad
901 1452 956 1507 Cir.
974 1455 1008 1505 de
1025 1453 1068 1508 off.
1088 1463 1112 1520 1,
1130 1461 1162 1508 te
1180 1463 1272 1508 contra
1284 1455 1448 1508 Ruenenian-

205 1521 340 1576 vationem
356 1520 503 1574 editionum
515 1521 664 1592 principum
677 1522 814 1590 nescienti,
849 1538 911 1573 num
933 1522 968 1574 ud
989 1521 1117 1588 Laetant,
1146 1529 1173 1588 1,
1202 1529 1233 1576 18
1260 1523 1447 1594 disputantem.

204 1607 255 1642 uos
279 1589 353 1660 sequi
378 1607 432 1642 non
456 1607 613 1670 possumus..
643 1591 708 1670 ‘Hoc
732 1607 814 1644 unum
848 1588 881 1641 In
896 1589 975 1669 ,⁰⁰‘¹d·
992 1599 1117 1670 autemn
1167 1607 1239 1657 uam,
1257 1599 1383 1661 utsupra
1401 1610 1448 1646 no-

117 1791 121 1796 ,
204 1665 813 1807 mnccttcfittmneen
849 1664 1176 1806 sentence,
1197 1660 1449 1782 ²⁰⁰¹¹¹¹¹¹i

204 1803 381 1860 asseveraret,
405 1795 477 1864 quod
494 1800 524 1847 et
540 1811 568 1846 iu
585 1794 662 1847 rodd.
680 1806 815 1849 invenitur
849 1800 902 1858 tur,
920 1809 954 1846 ex
971 1811 1024 1873 qua
1041 1811 1070 1846 re
1087 1811 1209 1864 quomam
1227 1795 1317 1848 littera
1339 1815 1357 1848 n
1374 1804 1449 1849 tenui

205 1859 274 1926 (sive
290 1864 457 1941 adamnani
474 1862 510 1916 de
526 1861 623 1916 nostris
632 1861 723 1942 inuno
733 1863 813 1918 Beni.
849 1859 945 1941 lineola
970 1861 1132 1942 significetur
1157 1862 1239 1933 magis
1262 1879 1340 1943 quain
1361 1881 1394 1917 cx
1413 1864 1448 1918 ri-

204 1930 261 1992 A),
283 1929 384 1982 editum
405 1945 472 1982 esse.
507 1928 566 1984 Nec
587 1937 677 1984 tamen
696 1929 760 1984 illud
778 1943 813 1984 ex
848 1937 930 1982 mitur
947 1929 1142 2000 depravationis
1159 1929 1261 1985 occasio
1278 1939 1370 1986 oritur.
1393 1883 1448 1986 be.

204 1997 325 2066 ingenio,
343 1998 390 2050 πᾶ
406 2013 441 2050 ex
458 1994 535 2050 libris
552 1997 616 2050 alias
634 1997 720 2051 minus
738 1999 813 2054 nobis
848 1995 874 2048 ni
893 2013 936 2076 ue,
954 2007 985 2050 ut
1001 1997 1119 2051 breviter
1134 1999 1198 2070 quid
1215 1998 1277 2070 locis
1291 2001 1448 2070 scriptorum

203 2065 323 2134 probab's
340 2063 424 2132 dedit,
442 2064 598 2145 quibiunim
615 2063 688 2120 Flos.
705 2067 758 2120 ΕΗ
775 2068 813 2120 fa-
848 2081 879 2117 oo
916 2075 950 2118 tis
967 2073 997 2118 et
1012 2065 1156 2146 exploratis
1174 2067 1315 2141 lectionumv
1334 2068 1448 2122 varieta-

204 2131 288 2185 ciunt
322 2133 439 2186 Miratur
459 2133 543 2204 igitur
563 2133 721 2201 Parmenio,
748 2135 813 2206 quid
848 2131 919 2184 tibus
935 2131 1096 2186 intellexisse
1119 2133 1181 2188 inibi
1202 2134 1291 2188 videar
1307 2152 1446 2207 exponam,

204 2199 271 2252 illud
297 2209 367 2254 esset
387 2201 460 2272 quod
485 2200 641 2256 Alexander
662 2201 763 2257 diceret
784 2220 814 2258 se
847 2201 988 2254 verborum
1005 2201 1157 2255 abscindere
1165 2209 1194 2255 et
1202 2206 1337 2258 excindere
1347 2205 1447 2258 nullum

204 2268 277 2322 miris
299 2268 351 2322 isin
372 2285 430 2322 esse
447 2268 581 2324 solutum:
604 2269 655 2324 buo
677 2270 747 2342 regis
770 2287 812 2325 re-
847 2283 898 2338 ego
919 2269 1042 2339 supinum
1067 2271 1211 2324 abscissam
1237 2281 1283 2326 aut
1305 2275 1447 2326 exscissam

204 2353 331 2408 sponsum
347 2336 475 2408 pertinet.
848 2352 904 2390 esse
925 2345 1006 2408 puto,
1033 2338 1080 2391 sed
1105 2353 1161 2392 esse
1186 2347 1288 2393 tantum
1306 2341 1447 2408 abscisum,

240 2413 337 2458 terrain
350 2415 446 2472 ureret,
460 2407 532 2459 viros
545 2407 705 2474 excinderet]
722 2406 813 2478 Vulgo
848 2406 963 2458 ercisinn
980 2405 1008 2459 in
1025 2414 1136 2485 utraque
1151 2407 1340 2478 significatione
1352 2416 1448 2463 etcae-

204 2482 301 2538 tsrras,
318 2473 366 2526 sed
383 2472 543 2544 singularem
560 2490 700 2528 numerum
716 2483 745 2529 et
761 2476 813 2530 mei
848 2471 927 2526 deiidi
945 2480 974 2526 et
991 2473 1102 2527 tollendi
1119 2473 1173 2526 sire
1190 2475 1330 2528 scindendi.
1355 2477 1447 2547 Atque

204 2557 296 2594 omnes
309 2549 338 2594 et
351 2541 583 2614 Suakenburgiani
601 2543 739 2609 exhibent,
756 2544 813 2596 cdi-
848 2540 898 2594 boc
914 2557 973 2593 eain
990 2541 1024 2594 ob
1043 2559 1145 2594 cauam
1154 2543 1191 2595 sic
1200 2544 1298 2596 factum
1306 2559 1363 2596 esse
1371 2554 1445 2615 puto,

205 2609 247 2662 dit
271 2607 351 2662 etiam
378 2609 492 2663 Medius.
532 2609 638 2663 Deinde
655 2614 813 2665 'excinderet
846 2608 919 2678 quod
936 2627 995 2662 mun
1012 2609 1103 2662 litters
1118 2628 1132 2663 s
1150 2610 1191 2662 rel
1208 2612 1263 2664 sola
1279 2613 1446 2666 acutosibilo

206 2677 288 2744 (siro,
310 2677 382 2748 quod
403 2677 474 2732 idem
495 2685 551 2744 est,
578 2677 624 2730 sed
652 2679 813 2732 auctoritate
847 2677 1076 2746 pronuntiaretur,
1099 2678 1197 2758 duplex
1215 2679 1311 2732 illude
1328 2697 1381 2734 uon
1399 2698 1446 2752 po-

204 2755 325 2798 veterum
352 2745 479 2800 librorum
510 2753 600 2812 caret,
636 2750 810 2810 exscinderet)
846 2751 918 2798 terat
942 2745 1007 2800 satis
1032 2746 1156 2812 discerni,
1183 2763 1249 2816 quae
1276 2747 1329 2800 tere
1354 2749 1445 2803 eadem

225 2813 324 2884 lerique
346 2831 451 2880 omues,
474 2814 619 2867 deteriores
648 2814 732 2880 (Flor.
746 2815 812 2868 ·E11
846 2829 928 2866 cause
934 2821 976 2866 est
989 2831 1036 2867 cur
1050 2824 1210 2884 epraesente
1221 2819 1328 2870 excinde
1345 2817 1445 2871 nullum

203 2832 286 2934 bern.
304 2882 342 2950 B)
360 2884 517 2948 incenderet,
535 2899 603 2934 tinus
621 2889 727 2936 tantuin
739 2883 811 2937 Flor.
846 2881 993 2951 perfectum
1015 2885 1100 2934 recidi
1122 2882 1265 2949 invenitur,
1289 2885 1357 2954 quod
1378 2885 1445 2938 illud

177 2983 180 2988 ·
206 2949 319 3020 Cquod
335 2949 417 3020 vulgo
434 2950 524 3003 editur
542 2953 680 3003 excideret.
712 2951 812 3022 Perpe-
845 2967 862 3002 a
885 2959 1024 3020 praesente
1047 2953 1137 3004 recido
1162 2953 1248 3021 potius
1275 2953 1445 3007 derivandum

204 3025 254 3072 sua
272 3017 336 3071 baec
352 3026 395 3070 est
411 3017 535 3084 varietas,
553 3019 653 3088 dequa
666 3035 744 3073 nemo
757 3037 812 3073 non
845 3025 911 3070 erat
947 3016 980 3070 ln
997 3018 1091 3072 ceteris
1114 3027 1202 3072 autem
1228 3020 1314 3073 verbis
1337 3035 1396 3074 som
1415 3039 1445 3075 o-

204 3084 434 3208 ffinmatioorum
466 3085 589 3156 scripsit,
619 3087 651 3139 cs.
684 3087 811 3158 imprimis
846 3084 902 3137 sitis
920 3088 1097 3151 conscindere,
1111 3089 1266 3152 discindere,
1273 3091 1381 3167 perseio
1402 3107 1445 3142 ere

263 3172 322 3206 nov.
344 3154 378 3206 ad
399 3153 458 3208 Liv.
475 3168 560 3219 xciv,
589 3159 604 3205 t
628 3163 657 3206 et
675 3154 810 3210 Drakenb.
842 3155 1022 3222 proscindcre,
1032 3157 1178 3207 rescindere
1187 3156 1323 3275 participiis
1331 3159 1445 3212 conscis-

203 3223 240 3275 ad
257 3221 350 3275 Silium
374 3221 434 3274 Ital.
456 3236 513 3286 re,
538 3229 597 3276 ⁴⁷³.
634 3221 688 3274 Sed
707 3232 811 3276 tantuin
846 3223 1185 3287 siis,discissuscet.locuni
1208 3225 1445 3304 abent,quiaprae-

204 3291 281 3343 abest
298 3297 330 3342 ut
345 3289 564 3344 annotationibus
576 3289 629 3342 suis
642 3289 812 3363 looonimque
847 3289 1445 3360 terdiipleiisintenniniitionectiamsinitiale

203 3354 399 3411 laudationibus
416 3374 473 3411 iem
490 3359 524 3410 ad
539 3357 668 3430 liquidum
682 3361 812 3429 perduxe-
847 3358 965 3423 auditur;
984 3376 1045 3410 usus
1058 3367 1145 3411 autern
1159 3375 1192 3411 ex
1207 3361 1393 3429 significatione
1406 3361 1444 3414 ita

203 3427 269 3492 rint,
286 3433 318 3478 ut
333 3425 412 3478 valde
427 3441 581 3492 seresii-ne,
599 3443 731 3496 quonunc
744 3435 812 3480 tain-
847 3427 958 3496 pendet,
985 3437 1016 3479 nt
1039 3445 1064 3480 v.
1086 3445 1108 3480 c.
1131 3431 1276 3480 conscissus
1305 3429 1443 3495 scribatur,

204 3512 284 3564 quam
300 3495 440 3564 explorato
456 3501 580 3559 utuntur,
598 3494 625 3546 id
643 3495 760 3548 omnium
776 3496 812 3549 sit
847 3494 891 3546 ubi
915 3495 1070 3564 significatio
1097 3495 1230 3548 scindendi
1257 3514 1277 3550 a.
1307 3497 1444 3568 rumpendi

204 3562 415 3616 incertissimum.
450 3560 546 3616 Solent
562 3561 631 3614 enirn
650 3579 740 3616 omues
757 3564 811 3617 fere
846 3561 924 3628 insit,
942 3565 1061 3616 concissis
1078 3563 1123 3615 ubi
1140 3565 1272 3618 sistendi.
1307 3564 1393 3628 Qiinni
1410 3567 1444 3618 ad

206 3629 401 3684 Gronovianani
419 3630 578 3683 seutentiam
596 3639 731 3700 repetere,
758 3633 811 3686 duo
846 3647 964 3684 nonnam
990 3631 1012 3683 si
1038 3631 1194 3701 scriptorum
1219 3633 1288 3686 loros
1315 3634 1444 3704 exegeris,

204 3715 262 3752 esse
284 3699 365 3750 verbu
394 3697 421 3751 iu
448 3697 602 3768 compositis
628 3699 810 3764 discernenda,
845 3699 916 3752 haud
933 3716 1044 3768 paucos,
1063 3709 1091 3752 ut
1111 3717 1180 3753 nunc
1196 3701 1268 3754 edita
1285 3702 1445 3772 exemplaria

204 3785 229 3819 v.
247 3783 270 3820 r.
287 3765 427 3830 sbsdndo,
453 3766 566 3830 abscidi,
590 3767 746 3832 abscissum,
765 3769 811 3820 iib-
844 3777 917 3832 sunt,
936 3769 1104 3837 corrigendos
1121 3785 1177 3820 esse
1194 3787 1245 3821 non
1264 3769 1324 3822 inihi
1343 3771 1444 3832 credas,

204 3833 323 3888 scindere
339 3842 369 3886 et
386 3835 506 3900 abscido,
530 3833 645 3896 abscidi,
671 3837 810 3901 abscisum,
845 3835 891 3886 sed
912 3835 962 3914 ipsi
988 3835 1102 3890 veritati.
1147 3841 1240 3907 Itaque
1272 3837 1346 3891 sncile
1374 3839 1453 3908 apud·

203 3901 347 3968 abscidere,
364 3903 436 3972 quod
454 3903 529 3972 quasi
546 3899 726 3976 παράδειγμα
742 3903 811 3956 Dra-
846 3903 900 3956 Cic.
919 3921 946 3955 in
964 3904 1040 3956 Veri.
1051 3919 1094 3968 ιιι,
1112 3909 1144 3957 23
1163 3923 1218 3957 cuin
1234 3909 1331 3975 piipnis
1349 3915 1373 3958 et
1390 3907 1445 3958 col·

203 3971 283 4024 lienb.
306 3969 323 4023 l.
343 3970 362 4022 1.
379 3969 496 4024 adhibet„
532 3968 594 4033 Quo
615 3969 636 4022 si
659 3971 710 4025 hoc
727 3971 811 4024 voluit
845 3973 917 4024 cibus
935 3975 1054 4025 concisus
1072 3983 1137 4025 esset
1159 3973 1256 4026 scribas
1280 3991 1338 4027 cuni
1360 3971 1445 4026 Gare-

202 4039 398 4104 demonstrare,
416 4037 513 4092 ubicun
532 4037 576 4091 uei
592 4055 610 4092 n
627 4041 811 4159 praesentibus
845 4040 927 4105 ionio,
946 4048 976 4093 et
992 4041 1062 4110 opud
1079 4041 1156 4092 eund.
1175 4041 1219 4092 lib.
1240 4049 1251 4093 1
1271 4043 1303 4093 do
1321 4041 1399 4094 divin.
1411 4049 1443 4094 it

203 4109 359 4160 abscindere
379 4106 452 4160 etin
527 4105 592 4159 ectis
609 4124 626 4158 a
644 4110 723 4160 sri'di't
741 4107 811 4160 dire·
845 4117 924 4160 cotem
941 4111 1068 4161 novacula
1086 4125 1142 4161 esse
1160 4111 1284 4162 di'rrisam
1302 4127 1360 4163 cuni
1375 4109 1444 4162 llot·

202 4183 292 4238 rctur,
317 4174 352 4227 ibi
374 4173 401 4226 in
424 4174 563 4246 participio
593 4191 649 4228 esse
675 4177 810 4229 abscissas
845 4175 958 4244 tingere,
972 4177 1021 4230 etsi
1039 4177 1123 4230 lexies
1140 4178 1245 4246 quidem
1263 4178 1371 4230 verbum
1389 4179 1445 4230 dis·

203 4245 315 4305 debere,
338 4249 430 4312 aperte
447 4243 520 4314 quod
538 4241 632 4295 salsum
650 4251 692 4295 est
709 4243 809 4309 docuit,
845 4247 931 4296 cistere
962 4245 1098 4315 ignorant,
1130 4248 1174 4298 sed
1204 4247 1266 4298 liaeo
1302 4245 1444 4298 secundum

203 4309 324 4381 quamvis
348 4309 447 4362 multos
472 4317 593 4364 auctores
620 4311 718 4364 babeat
741 4312 811 4364 inter
845 4313 972 4366 editiones
989 4314 1146 4384 scriptorum
1170 4321 1359 4384 componuntur
1379 4329 1444 4384 qua-

201 4379 274 4432 viros
292 4379 393 4445 doctos,
412 4377 538 4449 imprimis
547 4379 686 4432 Dukeiiuu
695 4383 729 4432 ad
739 4379 810 4433 Flor.
845 4398 902 4434 runi
920 4381 1122 4436 inconstantiam
1144 4397 1218 4434 uenio
1244 4391 1285 4434 est
1311 4380 1375 4451 quin
1397 4382 1443 4433 do-
