3330 5050
510 355 559 406 aa
586 354 713 407 ossus
740 355 849 406 anax.
874 355 925 424 1x,
952 354 976 404 r.
1318 335 1390 408 437

141 538 238 612 Pori
264 537 496 637 multiplicem
522 541 640 613 animo
667 541 761 638 regis
795 539 962 611 iniecerat
988 563 1118 612 curam.
1158 537 1307 615 Hostem
1333 541 1392 613 be·

141 651 302 744 luesque
337 651 547 747 spernebat,
580 651 689 724 situm
724 651 882 721 locorum
919 659 956 720 et
989 650 1061 720 vim
1087 651 1269 722 fluminum
1304 652 1391 724 exti-

99 758 351 850 smescebat3
385 763 565 859 relegatos
601 763 636 832 in
671 760 833 831 ultimum
870 785 981 856 paena
1017 785 1133 833 rerum
1159 763 1393 833 humanarum

145 872 320 966 persequi
353 874 546 946 terminum
584 882 622 941 et
653 894 777 943 eruere
812 867 964 941 arduum
997 869 1193 946 videbatur.
1256 871 1392 944 Rursus

146 983 306 1055 avaritia
337 983 471 1079 gloriae
504 991 542 1052 ot
580 981 790 1054 insatiabilis
826 978 954 1076 cupido
994 981 1108 1054 famae
1132 982 1221 1054 nibil
1246 983 1391 1069 invium,

34 1123 45 1131 ·
79 1110 126 1158 ιο
147 1093 241 1166 nihil
267 1102 446 1167 remotum
477 1089 592 1163 videri
618 1092 767 1165 sinebat
819 1088 868 1161 Et
898 1090 1077 1164 interdum
1110 1090 1312 1181 dubitabat,
1345 1116 1391 1164 an

146 1201 378 1292 Macedones,
405 1211 462 1274 tot
487 1203 620 1276 emensi
639 1203 756 1301 spatia
777 1211 963 1291 terrarum,
989 1203 1025 1274 in
1052 1205 1126 1276 acie
1152 1214 1188 1276 et
1213 1203 1392 1275 incastris

148 1339 258 1388 senes
284 1315 379 1403 facti,
406 1336 470 1410 per
497 1313 639 1386 obiecta
664 1313 827 1400 flumina,
861 1336 926 1408 per
952 1323 1008 1386 tot
1032 1325 1181 1387 naturae
1207 1314 1391 1386 obstantes

149 1424 384 1498 difficultates
410 1426 568 1497 secuturi
595 1433 734 1500 essent:
761 1420 987 1496 abundantes
1013 1436 1229 1522 onustosque
1256 1422 1390 1522 praeda

90 1555 128 1601 11
150 1537 268 1633 magis
294 1545 399 1633 parta
419 1534 489 1608 fiui
508 1536 610 1625 velle,
638 1557 746 1630 quam
764 1533 979 1630 acquirenda
1002 1536 1152 1634 fatigari.
1191 1533 1272 1608 Non
1297 1533 1391 1608 idem

151 1646 223 1718 sibi
248 1655 285 1718 et
310 1644 481 1718 militibus
499 1646 607 1718 animi
633 1667 729 1717 esse:
758 1669 796 1718 se
821 1643 932 1716 totius
960 1645 1056 1719 orbis
1070 1647 1255 1745 imperium
1271 1655 1390 1719 mente

152 1756 393 1853 complexum,
420 1754 540 1829 adhuo
565 1758 601 1829 in
628 1781 777 1854 operum
804 1781 949 1830 suorum
975 1757 1168 1857 primordio
1193 1768 1303 1834 stare:
1330 1757 1391 1828 mi·

152 1867 264 1958 litem,
290 1867 415 1942 labore
432 1865 679 1965 defatigatum,
704 1869 908 1964 proximum
925 1893 1100 1968 quemque
1121 1869 1275 1942 fructum
1291 1867 1408 1940 linito¹

156 1976 306 2051 tandem
331 1977 490 2076 periculo
517 1987 698 2075 expetere.

101 2107 137 2156 12
260 2087 359 2163 Vicit
384 2113 472 2187 ergo
505 2087 636 2186 cupido
661 2087 852 2177 rationem,
888 2098 925 2163 et
959 2087 1006 2162 ad
1031 2086 1231 2162 contionem
1257 2089 1393 2164 vocatis
1421 2089 1443 2162 8

156 2199 344 2291 militibus,
375 2199 424 2273 ad
454 2201 551 2273 huno
581 2199 737 2272 maxime
770 2197 916 2272 modum
948 2197 1131 2274 disseruit:
1163 2197 1245 2274 Non
1269 2199 1394 2300 spuma

144 2303 301 2403 ,militam
317 2311 438 2402 multa,
465 2335 552 2411 qttae
576 2323 697 2383 terrere
721 2333 783 2382 uos·
799 2323 950 2408 possm,
982 2310 1023 2384 ab
1048 2308 1163 2384 incolis
1188 2309 1307 2384 Indiae
1328 2335 1394 2410 per

106 2420 379 2496 1ahosdieade
405 2420 575 2495 industria
606 2429 677 2494 esse
707 2420 846 2494 iaatata·
876 2419 1028 2496 sednon
1057 2433 1105 2494 eat
1133 2421 1316 2520 improvisa
1340 2446 1393 2496 vo·

157 2530 207 2606 his
230 2531 456 2607 manem
480 2529 623 2606 uanum.
678 2527 737 2605 Sia
763 2527 900 2608 Ciliciae
915 2535 1046 2634 sauses,
1070 2531 1119 2607 sia
1136 2531 1394 2631 Mesopotamiae

158 2667 308 2742 compos,
345 2642 479 2743 tuan
504 2655 536 2716 et
559 2639 770 2740 Euphraten,
802 2665 943 2742 quoram
968 2642 1106 2717 aberam
1130 2644 1216 2718 uado
1241 2642 1416 2717 hamat*

110 2772 142 2820 ιι
158 2779 247 2846 raus,
272 2755 413 2828 aduam
432 2767 550 2853 parate,
583 2751 760 2825 mam
773 2757 928 2854 feceruut
951 2752 1084 2829 Persae.
1135 2753 1322 2854 Nunquam
1346 2753 1394 2826 ad

158 2864 321 2964 tisuidum
342 2868 449 2965 saraa
475 2864 693 2963 perducatur:
727 2863 858 2954 amata,
887 2864 947 2938 illa
972 2864 1132 2956 hadasa,
1161 2866 1291 2940 maiora
1316 2877 1394 2938 aurat

160 2999 245 3050 uara.
302 2975 434 3051 Nostra
465 2999 594 3076 qaroqsra
624 2974 752 3074 pbr-ia,
786 2999 862 3048 eam
893 2974 938 3048 sit
961 2998 1003 3048 ea
1026 2973 1145 3066 solado,
1172 2976 1254 3074 ptus
1284 2988 1393 3050 tamen

111 3103 143 3152 ts
159 3085 250 3159 habet
273 3085 427 3179 numida
453 3111 557 3185 qaam
582 3084 703 3186 operis.
757 3083 860 3159 Modo
885 3085 961 3184 quia
984 3085 1096 3159 beluas
1120 3087 1285 3187 ‹ffereatea
1309 3111 1393 3162 awe-

192 3356 214 3422 ξ.
233 3360 256 3408 9.
285 3361 309 3408 at
326 3355 428 3426 emere]
463 3353 540 3408 Infra
555 3355 764 3422 a12‚8trtter
831 3371 909 3424 qucum
934 3355 1094 3424 acquirenda
1120 3355 1238 3426 fatr'qarr]
1273 3356 1338 3410 Mas.
1360 3359 1398 3410 ad

154 3421 232 3491 serat
259 3432 391 3492 serpentes
410 3440 442 3476 aa
464 3424 584 3492 &pentes
610 3439 702 3478 eruere
731 3439 762 3476 ea
797 3424 954 3492 quaerenda,
972 3422 1105 3476 mendose.
1129 3423 1213 3477 Paula
1226 3433 1325 3494 postte
1352 3436 1396 3479 ost

161 3491 262 3544 botru
279 3502 304 3545 et
321 3493 396 3545 uehit·
463 3492 519 3544 ruta
537 3493 645 3560 expetis.
797 3507 854 3542 aare
868 3489 933 3569 item
951 3490 978 3572 in
992 3491 1112 3570 omnibus
1129 3491 1224 3546 nostris
1242 3492 1296 3547 etS
1350 3509 1396 3547 en·

191 3593 306 3646 audatia
322 3595 436 3665 ateriae]
472 3591 539 3673 Non
560 3591 650 3663 potuit
670 3590 763 3646 molius
797 3558 1100 3699 buffillbnefflfflit
1113 3627 1186 3682 plor·
1203 3627 1293 3683 ΒΜ
1309 3629 1393 3684 Ml

162 3677 236 3781 iudx
248 3660 763 3801 atnlblihltdddllauesltlmnlllldosldrldltamdl
796 3695 1184 3835 ffifffaggupffrgtfflfflm
1213 3707 1316 3753 '⁰⁰¹¹‘OE
1346 3705 1396 3766 θθῑ,

162 3797 209 3919 iii
244 3797 762 3936 edlluelislllllliinidtlds‘llellrodd
795 3829 1395 3972 aeglp'diabrlzaudimlironle’lmlllll

163 3943 197 3986 ur
213 3935 315 3987 auem
332 3935 423 3988 araas
441 3952 495 3988 ⁰⁰¹¹
512 3943 576 4006 rum
595 3934 688 3989 ΜΟ
704 3950 761 3988 ³⁸⁸⁰
796 3968 866 4021 mor.
884 3967 936 4020 aa
961 3968 1040 4021 aem.
1060 3968 1082 4020 a
1101 3971 1175 4023 roa.
1194 3979 1208 4022 2
1226 3980 1321 4025 aaran
1338 3990 1395 4026 aa.

793 4035 863 4090 ltem
879 4045 941 4106 post
957 4039 1031 4091 nohis
1048 4037 1120 4092 Flor.
1135 4037 1193 4090 ΕΗ.

192 4109 214 4170 ς.
233 4109 273 4158 10.
308 4105 444 4158 dubitabat
470 4107 517 4172 aa]
558 4103 630 4160 Usus
653 4112 695 4158 est
711 4103 760 4158 baa
829 4107 853 4173 5.
873 4113 913 4159 13,
951 4103 1052 4176 Tigu-im
1075 4115 1099 4159 et
1117 4107 1279 4176 Euphraten]
1315 4107 1395 4171 Quod

163 4172 350 4226 construetione
367 4191 422 4227 non
439 4187 472 4227 eo
490 4189 577 4240 sensu,
595 4191 648 4243 quo
667 4189 761 4226 aureae
796 4171 878 4226 Snak.
900 4174 985 4228 edidit
1005 4175 1099 4244 llyrin
1121 4185 1144 4228 et
1162 4175 1329 4243 Euphraten,
1355 4176 1395 4230 uti

163 4239 249 4293 atatis
266 4241 407 4313 scriptores
419 4257 533 4312 semper,
551 4250 695 4312 argenteae
709 4259 762 4294 non
796 4241 873 4308 solet,
891 4241 918 4294 in
928 4261 988 4296 mss.
998 4243 1051 4296 suis
1068 4241 1203 4308 essedioit,
1217 4244 1396 4313 sedEuphra-

163 4325 217 4362 raro
233 4308 273 4362 usi
290 4317 362 4378 sunt,
380 4318 411 4363 ut
427 4310 461 4363 ad
479 4309 684 4364 affirmationem
701 4327 762 4381 pro·
796 4319 838 4362 tea
854 4309 960 4380 quidem
978 4313 1041 4382 (pro
1052 4311 1121 4381 vulg.
1132 4313 1302 4380 Euphratem)
1318 4313 1396 4366 multi

163 4376 216 4500 pius
242 4379 364 4446 medat,
407 4395 488 4450 quam
519 4379 554 4432 ad
584 4378 762 4450 negationem.
796 4379 929 4432 anostris
948 4379 1026 4434 Bern.
1049 4381 1073 4432 A
1097 4387 1125 4433 et
1142 4379 1219 4434 Flor..
1242 4380 1393 4448 ADFGHl,

181 4443 266 4500 edsio
282 4445 361 4500 etiam
378 4461 412 4516 v,
430 4451 478 4516 24,
498 4455 513 4501 7
531 4455 560 4502 et
576 4461 633 4516 vn,
652 4455 703 4515 80,
723 4453 763 4502 18.
801 4448 893 4517 Tipria
910 4464 974 4503 varo
993 4467 1058 4504 unus
1075 4455 1178 4504 tantum
1196 4448 1265 4502 Flor.
1283 4447 1317 4502 G.
