<?xml version="1.0" encoding="UTF-8"?>
<!DOCTYPE html PUBLIC "-//W3C//DTD XHTML 1.0 Transitional//EN"
    "http://www.w3.org/TR/xhtml1/DTD/xhtml1-transitional.dtd">
<html xmlns="http://www.w3.org/1999/xhtml" xml:lang="en" lang="en">
 <head>
  <title>
</title>
<meta http-equiv="Content-Type" content="text/html;charset=utf-8" />
  <meta name='ocr-system' content='tesseract 3.04.00' />
  <meta name='ocr-capabilities' content='ocr_page ocr_carea ocr_par ocr_line ocrx_word'/>
</head>
<body>
  <div class='ocr_page' id='page_1' title='image "./qcurtiirufidege03rufugoog_0210.png"; bbox 0 0 3336 5066; ppageno 0'>
   <div class='ocr_carea' id='block_1_1' title="bbox 584 325 1435 422">
    <p class='ocr_par' dir='ltr' id='par_1_1' title="bbox 584 325 1435 422">
     <span class='ocr_line' id='line_1_1' title="bbox 584 325 1435 422; baseline -0.008 -16"><span class='ocrx_word' id='word_1_1' title='bbox 584 353 634 406; x_wconf 85' lang='lat' dir='ltr'>us</span> <span class='ocrx_word' id='word_1_2' title='bbox 661 351 789 408; x_wconf 84' lang='lat' dir='ltr'>ussrrs</span> <span class='ocrx_word' id='word_1_3' title='bbox 815 353 926 405; x_wconf 69' lang='lat' dir='ltr'>max.</span> <span class='ocrx_word' id='word_1_4' title='bbox 952 352 989 422; x_wconf 87' lang='lat' dir='ltr'>v,</span> <span class='ocrx_word' id='word_1_5' title='bbox 1017 351 1058 398; x_wconf 76' lang='grc' dir='ltr'>ιι.</span> <span class='ocrx_word' id='word_1_6' title='bbox 1365 325 1435 400; x_wconf 88' lang='lat'>183</span> 
     </span>
    </p>
   </div>
   <div class='ocr_carea' id='block_1_2' title="bbox 129 531 1443 1518">
    <p class='ocr_par' dir='ltr' id='par_1_2' title="bbox 129 531 1443 1518">
     <span class='ocr_line' id='line_1_2' title="bbox 186 531 1438 636; baseline -0.004 -27"><span class='ocrx_word' id='word_1_7' title='bbox 186 535 306 636; x_wconf 86' lang='lat' dir='ltr'>plexi,</span> <span class='ocrx_word' id='word_1_8' title='bbox 338 545 380 608; x_wconf 90' lang='lat' dir='ltr'>ut</span> <span class='ocrx_word' id='word_1_9' title='bbox 411 535 459 610; x_wconf 87' lang='lat' dir='ltr'>ad</span> <span class='ocrx_word' id='word_1_10' title='bbox 485 537 629 612; x_wconf 86' lang='lat' dir='ltr'>hostem</span> <span class='ocrx_word' id='word_1_11' title='bbox 654 533 900 635; x_wconf 88' lang='lat' dir='ltr'>pervenirent,</span> <span class='ocrx_word' id='word_1_12' title='bbox 933 531 1024 605; x_wconf 85' lang='lat' dir='ltr'>alius</span> <span class='ocrx_word' id='word_1_13' title='bbox 1058 533 1169 606; x_wconf 70' lang='lat' dir='ltr'>dium</span> <span class='ocrx_word' id='word_1_14' title='bbox 1193 535 1355 608; x_wconf 73' lang='lat' dir='ltr'><strong>levantes</strong></span> <span class='ocrx_word' id='word_1_15' title='bbox 1381 556 1438 604; x_wconf 94' lang='lat' dir='ltr'>co·</span> 
     </span>
     <span class='ocr_line' id='line_1_3' title="bbox 185 643 1439 742; baseline -0.003 -22"><span class='ocrx_word' id='word_1_16' title='bbox 185 647 373 720; x_wconf 84' lang='lat' dir='ltr'>nabantur</span> <span class='ocrx_word' id='word_1_17' title='bbox 409 647 613 722; x_wconf 81' lang='lat' dir='ltr'>ascendere.</span> <span class='ocrx_word' id='word_1_18' title='bbox 676 644 731 716; x_wconf 82' lang='lat' dir='ltr'>Ea</span> <span class='ocrx_word' id='word_1_19' title='bbox 769 643 863 742; x_wconf 83' lang='lat' dir='ltr'>ipsa,</span> <span class='ocrx_word' id='word_1_20' title='bbox 904 645 1101 718; x_wconf 90' lang='lat' dir='ltr'>multorum</span> <span class='ocrx_word' id='word_1_21' title='bbox 1135 643 1241 716; x_wconf 88' lang='lat' dir='ltr'>simul</span> <span class='ocrx_word' id='word_1_22' title='bbox 1274 643 1439 716; x_wconf 86' lang='lat' dir='ltr'>manibus</span> 
     </span>
     <span class='ocr_line' id='line_1_4' title="bbox 188 751 1439 858; baseline -0.003 -28"><span class='ocrx_word' id='word_1_23' title='bbox 188 769 360 858; x_wconf 86' lang='lat' dir='ltr'>correpta</span> <span class='ocrx_word' id='word_1_24' title='bbox 385 771 424 833; x_wconf 85' lang='lat' dir='ltr'>et</span> <span class='ocrx_word' id='word_1_25' title='bbox 448 758 632 846; x_wconf 81' lang='lat' dir='ltr'>convulsa,</span> <span class='ocrx_word' id='word_1_26' title='bbox 659 755 696 828; x_wconf 93' lang='lat' dir='ltr'>in</span> <span class='ocrx_word' id='word_1_27' title='bbox 723 779 801 846; x_wconf 89' lang='lat' dir='ltr'>eos,</span> <span class='ocrx_word' id='word_1_28' title='bbox 829 757 890 852; x_wconf 89' lang='lat' dir='ltr'>qui</span> <span class='ocrx_word' id='word_1_29' title='bbox 916 763 1196 844; x_wconf 82' lang='lat' dir='ltr'>commoverant,</span> <span class='ocrx_word' id='word_1_30' title='bbox 1223 751 1439 826; x_wconf 83' lang='lat' dir='ltr'>recidebant</span> 
     </span>
     <span class='ocr_line' id='line_1_5' title="bbox 129 861 1441 963; baseline -0.005 -23"><span class='ocrx_word' id='word_1_31' title='bbox 129 866 270 942; x_wconf 80' lang='lat' dir='ltr'>²1Nec</span> <span class='ocrx_word' id='word_1_32' title='bbox 305 879 402 944; x_wconf 86' lang='lat' dir='ltr'>stare</span> <span class='ocrx_word' id='word_1_33' title='bbox 436 891 523 963; x_wconf 87' lang='lat' dir='ltr'>ergo</span> <span class='ocrx_word' id='word_1_34' title='bbox 558 877 742 962; x_wconf 75' lang='lat' dir='ltr'><strong>poterant,</strong></span> <span class='ocrx_word' id='word_1_35' title='bbox 775 891 843 940; x_wconf 92' lang='lat' dir='ltr'>nec</span> <span class='ocrx_word' id='word_1_36' title='bbox 875 867 961 955; x_wconf 87' lang='lat' dir='ltr'>niti,</span> <span class='ocrx_word' id='word_1_37' title='bbox 1002 891 1048 939; x_wconf 91' lang='lat' dir='ltr'>ne</span> <span class='ocrx_word' id='word_1_38' title='bbox 1082 863 1263 938; x_wconf 77' lang='lat' dir='ltr'><strong>testudine</strong></span> <span class='ocrx_word' id='word_1_39' title='bbox 1297 861 1441 960; x_wconf 87' lang='lat' dir='ltr'>quidem</span> 
     </span>
     <span class='ocr_line' id='line_1_6' title="bbox 192 973 1439 1079; baseline -0.006 -25"><span class='ocrx_word' id='word_1_40' title='bbox 192 981 348 1079; x_wconf 78' lang='lat' dir='ltr'>protegi,</span> <span class='ocrx_word' id='word_1_41' title='bbox 376 1001 457 1048; x_wconf 88' lang='lat' dir='ltr'>oum</span> <span class='ocrx_word' id='word_1_42' title='bbox 484 985 607 1048; x_wconf 80' lang='lat' dir='ltr'>tantae</span> <span class='ocrx_word' id='word_1_43' title='bbox 634 977 738 1066; x_wconf 77' lang='lat' dir='ltr'>molis</span> <span class='ocrx_word' id='word_1_44' title='bbox 766 1003 877 1050; x_wconf 85' lang='lat' dir='ltr'>onera</span> <span class='ocrx_word' id='word_1_45' title='bbox 902 977 1146 1074; x_wconf 79' lang='lat' dir='ltr'>propellerent</span> <span class='ocrx_word' id='word_1_46' title='bbox 1171 974 1324 1046; x_wconf 84' lang='lat' dir='ltr'>barbari.</span> <span class='ocrx_word' id='word_1_47' title='bbox 1372 973 1439 1046; x_wconf 87' lang='lat' dir='ltr'>Re·</span> 
     </span>
     <span class='ocr_line' id='line_1_7' title="bbox 191 1083 1441 1188; baseline -0.004 -26"><span class='ocrx_word' id='word_1_48' title='bbox 191 1115 279 1188; x_wconf 84' lang='lat' dir='ltr'>gem</span> <span class='ocrx_word' id='word_1_49' title='bbox 313 1111 387 1160; x_wconf 89' lang='lat' dir='ltr'>uon</span> <span class='ocrx_word' id='word_1_50' title='bbox 424 1084 529 1161; x_wconf 93' lang='lat' dir='ltr'>dolor</span> <span class='ocrx_word' id='word_1_51' title='bbox 562 1087 688 1178; x_wconf 91' lang='lat' dir='ltr'>modo,</span> <span class='ocrx_word' id='word_1_52' title='bbox 730 1084 795 1160; x_wconf 86' lang='lat' dir='ltr'>sed</span> <span class='ocrx_word' id='word_1_53' title='bbox 830 1087 939 1159; x_wconf 83' lang='lat' dir='ltr'>etiam</span> <span class='ocrx_word' id='word_1_54' title='bbox 977 1085 1095 1183; x_wconf 91' lang='lat' dir='ltr'>pudor</span> <span class='ocrx_word' id='word_1_55' title='bbox 1126 1095 1260 1158; x_wconf 88' lang='lat' dir='ltr'>temere</span> <span class='ocrx_word' id='word_1_56' title='bbox 1291 1083 1328 1156; x_wconf 94' lang='lat' dir='ltr'>in</span> <span class='ocrx_word' id='word_1_57' title='bbox 1363 1085 1441 1157; x_wconf 82' lang='lat' dir='ltr'>illae</span> 
     </span>
     <span class='ocr_line' id='line_1_8' title="bbox 131 1194 1442 1296; baseline 0 -29"><span class='ocrx_word' id='word_1_58' title='bbox 131 1221 170 1268; x_wconf 84' lang='lat' dir='ltr'>ss</span> <span class='ocrx_word' id='word_1_59' title='bbox 193 1198 382 1296; x_wconf 87' lang='lat' dir='ltr'>angustias</span> <span class='ocrx_word' id='word_1_60' title='bbox 409 1197 511 1272; x_wconf 86' lang='lat' dir='ltr'>eiecti</span> <span class='ocrx_word' id='word_1_61' title='bbox 538 1199 718 1271; x_wconf 85' lang='lat' dir='ltr'>exercitus</span> <span class='ocrx_word' id='word_1_62' title='bbox 746 1197 912 1294; x_wconf 80' lang='lat' dir='ltr'>angebat</span> <span class='ocrx_word' id='word_1_63' title='bbox 952 1195 1112 1268; x_wconf 89' lang='lat' dir='ltr'>Invictus</span> <span class='ocrx_word' id='word_1_64' title='bbox 1131 1205 1215 1268; x_wconf 87' lang='lat' dir='ltr'>ente</span> <span class='ocrx_word' id='word_1_65' title='bbox 1241 1220 1321 1268; x_wconf 85' lang='lat' dir='ltr'>earn</span> <span class='ocrx_word' id='word_1_66' title='bbox 1348 1194 1442 1268; x_wconf 88' lang='lat' dir='ltr'>diem</span> 
     </span>
     <span class='ocr_line' id='line_1_9' title="bbox 193 1303 1442 1404; baseline -0.001 -22"><span class='ocrx_word' id='word_1_67' title='bbox 193 1311 328 1400; x_wconf 86' lang='lat' dir='ltr'>fuerat,</span> <span class='ocrx_word' id='word_1_68' title='bbox 361 1309 449 1382; x_wconf 95' lang='lat' dir='ltr'>nihil</span> <span class='ocrx_word' id='word_1_69' title='bbox 473 1310 608 1381; x_wconf 88' lang='lat' dir='ltr'>frustra</span> <span class='ocrx_word' id='word_1_70' title='bbox 634 1331 762 1379; x_wconf 82' lang='lat' dir='ltr'>ausus:</span> <span class='ocrx_word' id='word_1_71' title='bbox 798 1307 943 1404; x_wconf 91' lang='lat' dir='ltr'>impune</span> <span class='ocrx_word' id='word_1_72' title='bbox 970 1303 1112 1380; x_wconf 81' lang='lat' dir='ltr'>Ciliciae</span> <span class='ocrx_word' id='word_1_73' title='bbox 1143 1306 1263 1379; x_wconf 81' lang='lat' dir='ltr'>fauces</span> <span class='ocrx_word' id='word_1_74' title='bbox 1289 1307 1442 1381; x_wconf 87' lang='lat' dir='ltr'>intrave-</span> 
     </span>
     <span class='ocr_line' id='line_1_10' title="bbox 194 1416 1443 1518; baseline -0.002 -23"><span class='ocrx_word' id='word_1_75' title='bbox 194 1433 270 1512; x_wconf 89' lang='lat' dir='ltr'>rat,</span> <span class='ocrx_word' id='word_1_76' title='bbox 302 1446 401 1495; x_wconf 85' lang='lat' dir='ltr'>mare</span> <span class='ocrx_word' id='word_1_77' title='bbox 436 1443 579 1518; x_wconf 90' lang='lat' dir='ltr'>quoque</span> <span class='ocrx_word' id='word_1_78' title='bbox 613 1443 750 1490; x_wconf 91' lang='lat' dir='ltr'>novum</span> <span class='ocrx_word' id='word_1_79' title='bbox 788 1417 825 1489; x_wconf 93' lang='lat' dir='ltr'>in</span> <span class='ocrx_word' id='word_1_80' title='bbox 856 1416 1108 1516; x_wconf 80' lang='lat' dir='ltr'>Pamphyliam</span> <span class='ocrx_word' id='word_1_81' title='bbox 1131 1417 1207 1490; x_wconf 83' lang='lat' dir='ltr'>iter</span> <span class='ocrx_word' id='word_1_82' title='bbox 1238 1429 1443 1516; x_wconf 84' lang='lat' dir='ltr'>aperuerat:</span> 
     </span>
    </p>
   </div>
   <div class='ocr_carea' id='block_1_3' title="bbox 195 1581 1476 4526">
    <p class='ocr_par' dir='ltr' id='par_1_3' title="bbox 195 1581 1476 2064">
     <span class='ocr_line' id='line_1_11' title="bbox 232 1581 1445 1656; baseline -0.004 -15"><span class='ocrx_word' id='word_1_83' title='bbox 232 1591 256 1656; x_wconf 69' lang='lat'>§-</span> <span class='ocrx_word' id='word_1_84' title='bbox 274 1593 317 1641; x_wconf 82' lang='lat'>20.</span> <span class='ocrx_word' id='word_1_85' title='bbox 346 1595 375 1639; x_wconf 88' lang='lat' dir='ltr'>ut</span> <span class='ocrx_word' id='word_1_86' title='bbox 392 1586 430 1638; x_wconf 85' lang='lat' dir='ltr'>ad</span> <span class='ocrx_word' id='word_1_87' title='bbox 445 1585 542 1638; x_wconf 78' lang='lat' dir='ltr'>hostem</span> <span class='ocrx_word' id='word_1_88' title='bbox 554 1586 734 1654; x_wconf 76' lang='lat' dir='ltr'>pervenirem]</span> <span class='ocrx_word' id='word_1_89' title='bbox 761 1583 807 1637; x_wconf 85' lang='lat' dir='ltr'>Sic</span> <span class='ocrx_word' id='word_1_90' title='bbox 842 1582 934 1648; x_wconf 80' lang='lat' dir='ltr'>(Rern.</span> <span class='ocrx_word' id='word_1_91' title='bbox 961 1581 985 1635; x_wconf 93' lang='lat' dir='ltr'>B</span> <span class='ocrx_word' id='word_1_92' title='bbox 1009 1581 1081 1637; x_wconf 85' lang='lat' dir='ltr'>Flor.</span> <span class='ocrx_word' id='word_1_93' title='bbox 1107 1581 1182 1637; x_wconf 83' lang='lat' dir='ltr'>DEF</span> <span class='ocrx_word' id='word_1_94' title='bbox 1245 1623 1252 1651; x_wconf 87' lang='lat'>,</span> <span class='ocrx_word' id='word_1_95' title='bbox 1279 1583 1334 1636; x_wconf 86' lang='lat' dir='ltr'>aive</span> <span class='ocrx_word' id='word_1_96' title='bbox 1360 1589 1391 1638; x_wconf 89' lang='grc' dir='ltr'>ιιι</span> <span class='ocrx_word' id='word_1_97' title='bbox 1416 1581 1445 1636; x_wconf 90' lang='lat' dir='ltr'>in</span> 
     </span>
     <span class='ocr_line' id='line_1_12' title="bbox 195 1649 1445 1732; baseline -0.002 -23"><span class='ocrx_word' id='word_1_98' title='bbox 195 1657 299 1709; x_wconf 85' lang='lat' dir='ltr'>dudum</span> <span class='ocrx_word' id='word_1_99' title='bbox 329 1661 388 1706; x_wconf 84' lang='lat' dir='ltr'>erat</span> <span class='ocrx_word' id='word_1_100' title='bbox 415 1652 620 1724; x_wconf 79' lang='lat' dir='ltr'>corrigendum,</span> <span class='ocrx_word' id='word_1_101' title='bbox 652 1651 680 1706; x_wconf 87' lang='lat' dir='ltr'>ni</span> <span class='ocrx_word' id='word_1_102' title='bbox 712 1651 806 1732; x_wconf 68' lang='lat' dir='ltr'>religio</span> <span class='ocrx_word' id='word_1_103' title='bbox 841 1651 925 1705; x_wconf 81' lang='lat' dir='ltr'>Pell</span> <span class='ocrx_word' id='word_1_104' title='bbox 944 1649 1036 1705; x_wconf 88' lang='lat' dir='ltr'>codice</span> <span class='ocrx_word' id='word_1_105' title='bbox 1053 1651 1211 1720; x_wconf 85' lang='lat' dir='ltr'>interpolato</span> <span class='ocrx_word' id='word_1_106' title='bbox 1238 1652 1367 1722; x_wconf 84' lang='lat' dir='ltr'>egebatur</span> <span class='ocrx_word' id='word_1_107' title='bbox 1383 1669 1445 1706; x_wconf 82' lang='lat' dir='ltr'>een·</span> 
     </span>
     <span class='ocr_line' id='line_1_13' title="bbox 196 1719 1445 1800; baseline -0.004 -23"><span class='ocrx_word' id='word_1_108' title='bbox 196 1725 326 1777; x_wconf 81' lang='lat' dir='ltr'>tibromm</span> <span class='ocrx_word' id='word_1_109' title='bbox 357 1727 478 1774; x_wconf 77' lang='lat' dir='ltr'>vetentur</span> <span class='ocrx_word' id='word_1_110' title='bbox 511 1721 640 1774; x_wconf 80' lang='lat' dir='ltr'>obstaret</span> <span class='ocrx_word' id='word_1_111' title='bbox 683 1721 727 1776; x_wconf 80' lang='lat' dir='ltr'>Eu</span> <span class='ocrx_word' id='word_1_112' title='bbox 757 1720 807 1773; x_wconf 83' lang='lat' dir='ltr'>ubi</span> <span class='ocrx_word' id='word_1_113' title='bbox 842 1721 929 1786; x_wconf 67' lang='grc' dir='ltr'>ἅπαις</span> <span class='ocrx_word' id='word_1_114' title='bbox 955 1719 1001 1772; x_wconf 89' lang='lat' dir='ltr'>sed</span> <span class='ocrx_word' id='word_1_115' title='bbox 1028 1721 1151 1786; x_wconf 62' lang='lat' dir='ltr'>contem,</span> <span class='ocrx_word' id='word_1_116' title='bbox 1182 1721 1255 1800; x_wconf 91' lang='lat' dir='ltr'>quod</span> <span class='ocrx_word' id='word_1_117' title='bbox 1285 1719 1390 1772; x_wconf 84' lang='lat' dir='ltr'>Medius</span> <span class='ocrx_word' id='word_1_118' title='bbox 1416 1720 1445 1773; x_wconf 89' lang='lat' dir='ltr'>iu</span> 
     </span>
     <span class='ocr_line' id='line_1_14' title="bbox 196 1785 1446 1855; baseline -0.002 -11"><span class='ocrx_word' id='word_1_119' title='bbox 196 1807 263 1844; x_wconf 76' lang='lat' dir='ltr'>vero</span> <span class='ocrx_word' id='word_1_120' title='bbox 279 1805 370 1844; x_wconf 87' lang='lat' dir='ltr'>omnes</span> <span class='ocrx_word' id='word_1_121' title='bbox 387 1789 439 1842; x_wconf 87' lang='lat' dir='ltr'>mei</span> <span class='ocrx_word' id='word_1_122' title='bbox 457 1797 486 1842; x_wconf 87' lang='lat' dir='ltr'>et</span> <span class='ocrx_word' id='word_1_123' title='bbox 503 1787 585 1842; x_wconf 82' lang='lat' dir='ltr'>Snak.</span> <span class='ocrx_word' id='word_1_124' title='bbox 604 1788 707 1843; x_wconf 89' lang='lat' dir='ltr'>codices</span> <span class='ocrx_word' id='word_1_125' title='bbox 732 1789 808 1852; x_wconf 87' lang='lat' dir='ltr'>(curn</span> <span class='ocrx_word' id='word_1_126' title='bbox 842 1785 915 1840; x_wconf 87' lang='lat' dir='ltr'>libris</span> <span class='ocrx_word' id='word_1_127' title='bbox 933 1803 962 1840; x_wconf 86' lang='lat' dir='ltr'>ae</span> <span class='ocrx_word' id='word_1_128' title='bbox 979 1787 1108 1842; x_wconf 82' lang='lat' dir='ltr'>invenisse</span> <span class='ocrx_word' id='word_1_129' title='bbox 1125 1787 1225 1855; x_wconf 75' lang='lat' dir='ltr'>scribit,</span> <span class='ocrx_word' id='word_1_130' title='bbox 1235 1787 1344 1842; x_wconf 88' lang='lat' dir='ltr'>innullo</span> <span class='ocrx_word' id='word_1_131' title='bbox 1354 1803 1446 1842; x_wconf 86' lang='lat' dir='ltr'>eorum</span> 
     </span>
     <span class='ocr_line' id='line_1_15' title="bbox 197 1855 1476 1939; baseline -0.003 -25"><span class='ocrx_word' id='word_1_132' title='bbox 197 1859 274 1914; x_wconf 78' lang='lat' dir='ltr'>Mod</span> <span class='ocrx_word' id='word_1_133' title='bbox 282 1857 362 1939; x_wconf 75' lang='lat' dir='ltr'>edit.)</span> <span class='ocrx_word' id='word_1_134' title='bbox 379 1858 535 1910; x_wconf 75' lang='lat' dir='ltr'>eneudstae</span> <span class='ocrx_word' id='word_1_135' title='bbox 552 1856 698 1928; x_wconf 84' lang='lat' dir='ltr'>scripturae</span> <span class='ocrx_word' id='word_1_136' title='bbox 714 1867 808 1910; x_wconf 86' lang='lat' dir='ltr'>aucto-</span> <span class='ocrx_word' id='word_1_137' title='bbox 862 1874 910 1910; x_wconf 89' lang='lat' dir='ltr'>uos</span> <span class='ocrx_word' id='word_1_138' title='bbox 927 1857 1076 1910; x_wconf 68' lang='lat' dir='ltr'>accuratius</span> <span class='ocrx_word' id='word_1_139' title='bbox 1094 1856 1213 1910; x_wconf 83' lang='lat' dir='ltr'>novimus</span> <span class='ocrx_word' id='word_1_140' title='bbox 1229 1864 1315 1910; x_wconf 78' lang='lat' dir='ltr'>extat</span> <span class='ocrx_word' id='word_1_141' title='bbox 1349 1855 1446 1928; x_wconf 80' lang='lat' dir='ltr'>Neque</span> <span class='ocrx_word' id='word_1_142' title='bbox 1473 1869 1476 1880; x_wconf 90' lang='grc'><strong><em>·</em></strong></span> 
     </span>
     <span class='ocr_line' id='line_1_16' title="bbox 197 1923 1447 1995; baseline -0.004 -13"><span class='ocrx_word' id='word_1_143' title='bbox 197 1945 257 1994; x_wconf 79' lang='lat' dir='ltr'>rea,</span> <span class='ocrx_word' id='word_1_144' title='bbox 274 1935 307 1980; x_wconf 88' lang='grc' dir='ltr'>ιιι</span> <span class='ocrx_word' id='word_1_145' title='bbox 323 1924 414 1980; x_wconf 74' lang='lat' dir='ltr'>murari</span> <span class='ocrx_word' id='word_1_146' title='bbox 431 1927 526 1980; x_wconf 78' lang='lat' dir='ltr'>subeat</span> <span class='ocrx_word' id='word_1_147' title='bbox 545 1926 615 1978; x_wconf 89' lang='lat' dir='ltr'>unde</span> <span class='ocrx_word' id='word_1_148' title='bbox 632 1925 660 1979; x_wconf 87' lang='lat' dir='ltr'>in</span> <span class='ocrx_word' id='word_1_149' title='bbox 678 1924 808 1980; x_wconf 75' lang='lat' dir='ltr'>editiones</span> <span class='ocrx_word' id='word_1_150' title='bbox 842 1923 908 1977; x_wconf 90' lang='lat' dir='ltr'>iud</span> <span class='ocrx_word' id='word_1_151' title='bbox 936 1925 1007 1995; x_wconf 92' lang='lat' dir='ltr'>quod</span> <span class='ocrx_word' id='word_1_152' title='bbox 1034 1923 1168 1978; x_wconf 79' lang='lat' dir='ltr'>offendere</span> <span class='ocrx_word' id='word_1_153' title='bbox 1194 1924 1250 1978; x_wconf 86' lang='lat' dir='ltr'>dixi</span> <span class='ocrx_word' id='word_1_154' title='bbox 1278 1925 1306 1979; x_wconf 89' lang='lat' dir='ltr'>iu</span> <span class='ocrx_word' id='word_1_155' title='bbox 1337 1923 1447 1994; x_wconf 79' lang='lat' dir='ltr'>vulgate</span> 
     </span>
     <span class='ocr_line' id='line_1_17' title="bbox 198 1992 1446 2064; baseline -0.003 -14"><span class='ocrx_word' id='word_1_156' title='bbox 198 1997 272 2050; x_wconf 87' lang='lat' dir='ltr'>istud</span> <span class='ocrx_word' id='word_1_157' title='bbox 289 1994 384 2048; x_wconf 83' lang='lat' dir='ltr'>sitium</span> <span class='ocrx_word' id='word_1_158' title='bbox 396 1995 555 2064; x_wconf 79' lang='lat' dir='ltr'>perveniunt</span> <span class='ocrx_word' id='word_1_159' title='bbox 572 1993 717 2063; x_wconf 81' lang='lat' dir='ltr'>irrepserit</span> <span class='ocrx_word' id='word_1_160' title='bbox 843 1992 906 2046; x_wconf 87' lang='lat' dir='ltr'>olim</span> <span class='ocrx_word' id='word_1_161' title='bbox 929 1993 1043 2046; x_wconf 85' lang='lat' dir='ltr'>lectione</span> <span class='ocrx_word' id='word_1_162' title='bbox 1064 1999 1168 2046; x_wconf 86' lang='lat' dir='ltr'>tautum</span> <span class='ocrx_word' id='word_1_163' title='bbox 1182 2001 1248 2060; x_wconf 77' lang='lat' dir='ltr'>eat,</span> <span class='ocrx_word' id='word_1_164' title='bbox 1274 2002 1306 2047; x_wconf 92' lang='lat' dir='ltr'>ut</span> <span class='ocrx_word' id='word_1_165' title='bbox 1330 1993 1446 2047; x_wconf 81' lang='lat' dir='ltr'>edeam</span> 
     </span>
    </p>

    <p class='ocr_par' dir='ltr' id='par_1_4' title="bbox 197 2060 1448 2612">
     <span class='ocr_line' id='line_1_18' title="bbox 234 2060 1446 2133; baseline -0.002 -16"><span class='ocrx_word' id='word_1_166' title='bbox 234 2083 295 2118; x_wconf 85' lang='lat' dir='ltr'>corr</span> <span class='ocrx_word' id='word_1_167' title='bbox 327 2074 355 2116; x_wconf 84' lang='lat' dir='ltr'>tu</span> <span class='ocrx_word' id='word_1_168' title='bbox 373 2073 396 2116; x_wconf 82' lang='lat' dir='ltr'>et</span> <span class='ocrx_word' id='word_1_169' title='bbox 414 2064 549 2131; x_wconf 76' lang='lat' dir='ltr'>moulan]</span> <span class='ocrx_word' id='word_1_170' title='bbox 572 2061 657 2116; x_wconf 90' lang='lat' dir='ltr'>Recte</span> <span class='ocrx_word' id='word_1_171' title='bbox 674 2062 712 2116; x_wconf 87' lang='lat' dir='ltr'>sic</span> <span class='ocrx_word' id='word_1_172' title='bbox 728 2062 809 2133; x_wconf 81' lang='lat' dir='ltr'>vulgo</span> <span class='ocrx_word' id='word_1_173' title='bbox 843 2061 1071 2114; x_wconf 84' lang='lat' dir='ltr'>condemnandam</span> <span class='ocrx_word' id='word_1_174' title='bbox 1096 2060 1197 2129; x_wconf 75' lang='lat' dir='ltr'>valeat3</span> <span class='ocrx_word' id='word_1_175' title='bbox 1228 2061 1298 2115; x_wconf 88' lang='lat' dir='ltr'>inest</span> <span class='ocrx_word' id='word_1_176' title='bbox 1323 2061 1393 2114; x_wconf 86' lang='lat' dir='ltr'>euim</span> <span class='ocrx_word' id='word_1_177' title='bbox 1418 2061 1446 2114; x_wconf 88' lang='lat' dir='ltr'>in</span> 
     </span>
     <span class='ocr_line' id='line_1_19' title="bbox 197 2127 1446 2201; baseline -0.004 -15"><span class='ocrx_word' id='word_1_178' title='bbox 197 2132 274 2186; x_wconf 88' lang='lat' dir='ltr'>editi.</span> <span class='ocrx_word' id='word_1_179' title='bbox 365 2129 452 2184; x_wconf 79' lang='lat' dir='ltr'>nescio</span> <span class='ocrx_word' id='word_1_180' title='bbox 470 2129 535 2201; x_wconf 88' lang='lat' dir='ltr'>quid</span> <span class='ocrx_word' id='word_1_181' title='bbox 552 2129 587 2183; x_wconf 87' lang='lat' dir='ltr'>sit</span> <span class='ocrx_word' id='word_1_182' title='bbox 605 2130 677 2201; x_wconf 93' lang='lat' dir='ltr'>quod</span> <span class='ocrx_word' id='word_1_183' title='bbox 691 2129 808 2184; x_wconf 86' lang='lat' dir='ltr'>iuBeru.</span> <span class='ocrx_word' id='word_1_184' title='bbox 842 2129 964 2182; x_wconf 85' lang='lat' dir='ltr'>eliciendi</span> <span class='ocrx_word' id='word_1_185' title='bbox 981 2130 1062 2182; x_wconf 83' lang='lat' dir='ltr'>verbo</span> <span class='ocrx_word' id='word_1_186' title='bbox 1085 2127 1162 2182; x_wconf 92' lang='lat' dir='ltr'>simul</span> <span class='ocrx_word' id='word_1_187' title='bbox 1180 2137 1347 2199; x_wconf 87' lang='lat' dir='ltr'>contemptus</span> <span class='ocrx_word' id='word_1_188' title='bbox 1365 2145 1446 2199; x_wconf 87' lang='lat' dir='ltr'>quae·</span> 
     </span>
     <span class='ocr_line' id='line_1_20' title="bbox 199 2196 1447 2270; baseline -0.003 -16"><span class='ocrx_word' id='word_1_189' title='bbox 199 2207 227 2254; x_wconf 82' lang='grc' dir='ltr'><strong>Δ</strong></span> <span class='ocrx_word' id='word_1_190' title='bbox 244 2199 319 2254; x_wconf 68' lang='lat' dir='ltr'>teia</span> <span class='ocrx_word' id='word_1_191' title='bbox 338 2199 416 2252; x_wconf 90' lang='lat' dir='ltr'>Voss.</span> <span class='ocrx_word' id='word_1_192' title='bbox 431 2207 455 2266; x_wconf 85' lang='lat'>1,</span> <span class='ocrx_word' id='word_1_193' title='bbox 474 2198 575 2254; x_wconf 65' lang='lat' dir='ltr'>cuiuis</span> <span class='ocrx_word' id='word_1_194' title='bbox 592 2197 725 2270; x_wconf 84' lang='lat' dir='ltr'>prioribus</span> <span class='ocrx_word' id='word_1_195' title='bbox 742 2200 808 2254; x_wconf 88' lang='lat' dir='ltr'>duo·</span> <span class='ocrx_word' id='word_1_196' title='bbox 843 2199 905 2250; x_wconf 88' lang='lat' dir='ltr'>dam</span> <span class='ocrx_word' id='word_1_197' title='bbox 927 2196 1083 2268; x_wconf 83' lang='lat' dir='ltr'>significatio</span> <span class='ocrx_word' id='word_1_198' title='bbox 1108 2198 1144 2250; x_wconf 86' lang='lat' dir='ltr'>ad</span> <span class='ocrx_word' id='word_1_199' title='bbox 1169 2197 1239 2254; x_wconf 90' lang='lat' dir='ltr'>hunc</span> <span class='ocrx_word' id='word_1_200' title='bbox 1260 2198 1347 2253; x_wconf 89' lang='lat' dir='ltr'>locum</span> <span class='ocrx_word' id='word_1_201' title='bbox 1363 2196 1447 2268; x_wconf 88' lang='lat' dir='ltr'>aptis-</span> 
     </span>
     <span class='ocr_line' id='line_1_21' title="bbox 200 2265 915 2337; baseline -0.004 -15"><span class='ocrx_word' id='word_1_202' title='bbox 200 2271 250 2322; x_wconf 91' lang='lat' dir='ltr'>bua</span> <span class='ocrx_word' id='word_1_203' title='bbox 268 2265 417 2333; x_wconf 82' lang='lat' dir='ltr'>vocabulis,</span> <span class='ocrx_word' id='word_1_204' title='bbox 436 2269 560 2320; x_wconf 83' lang='lat' dir='ltr'>conuulsa</span> <span class='ocrx_word' id='word_1_205' title='bbox 579 2274 684 2320; x_wconf 87' lang='lat' dir='ltr'>tantum</span> <span class='ocrx_word' id='word_1_206' title='bbox 701 2267 808 2337; x_wconf 83' lang='lat' dir='ltr'>legitur.</span> <span class='ocrx_word' id='word_1_207' title='bbox 842 2265 915 2318; x_wconf 84' lang='lat' dir='ltr'>sima</span> 
     </span>
     <span class='ocr_line' id='line_1_22' title="bbox 200 2332 1448 2405; baseline -0.002 -16"><span class='ocrx_word' id='word_1_208' title='bbox 200 2337 271 2390; x_wconf 85' lang='lat' dir='ltr'>Item</span> <span class='ocrx_word' id='word_1_209' title='bbox 295 2336 332 2390; x_wconf 86' lang='lat' dir='ltr'>aie</span> <span class='ocrx_word' id='word_1_210' title='bbox 356 2335 437 2388; x_wconf 85' lang='lat' dir='ltr'>habet</span> <span class='ocrx_word' id='word_1_211' title='bbox 458 2335 532 2389; x_wconf 82' lang='lat' dir='ltr'>Mod</span> <span class='ocrx_word' id='word_1_212' title='bbox 565 2333 655 2389; x_wconf 87' lang='lat' dir='ltr'>editio.</span> <span class='ocrx_word' id='word_1_213' title='bbox 700 2335 754 2389; x_wconf 87' lang='lat' dir='ltr'>Sed</span> <span class='ocrx_word' id='word_1_214' title='bbox 780 2335 808 2388; x_wconf 90' lang='lat' dir='ltr'>iu</span> <span class='ocrx_word' id='word_1_215' title='bbox 877 2337 900 2402; x_wconf 71' lang='lat'>§-</span> <span class='ocrx_word' id='word_1_216' title='bbox 926 2339 969 2388; x_wconf 75' lang='lat'>22.</span> <span class='ocrx_word' id='word_1_217' title='bbox 1012 2343 1073 2388; x_wconf 84' lang='lat' dir='ltr'>unte</span> <span class='ocrx_word' id='word_1_218' title='bbox 1107 2352 1164 2388; x_wconf 83' lang='lat' dir='ltr'>eom</span> <span class='ocrx_word' id='word_1_219' title='bbox 1199 2335 1278 2405; x_wconf 76' lang='lat' dir='ltr'>dien]</span> <span class='ocrx_word' id='word_1_220' title='bbox 1327 2332 1448 2387; x_wconf 86' lang='lat' dir='ltr'>Dederat</span> 
     </span>
     <span class='ocr_line' id='line_1_23' title="bbox 200 2401 1446 2475; baseline -0.003 -16"><span class='ocrx_word' id='word_1_221' title='bbox 200 2405 274 2459; x_wconf 78' lang='lat' dir='ltr'>Flor.</span> <span class='ocrx_word' id='word_1_222' title='bbox 291 2404 342 2458; x_wconf 80' lang='lat' dir='ltr'>AB</span> <span class='ocrx_word' id='word_1_223' title='bbox 367 2403 393 2456; x_wconf 90' lang='lat' dir='ltr'>iu</span> <span class='ocrx_word' id='word_1_224' title='bbox 488 2412 551 2458; x_wconf 86' lang='lat' dir='ltr'>suut</span> <span class='ocrx_word' id='word_1_225' title='bbox 568 2413 688 2475; x_wconf 70' lang='lat' dir='ltr'>coneptu</span> <span class='ocrx_word' id='word_1_226' title='bbox 706 2413 730 2457; x_wconf 83' lang='lat' dir='ltr'>et</span> <span class='ocrx_word' id='word_1_227' title='bbox 748 2422 808 2458; x_wconf 86' lang='lat' dir='ltr'>con·</span> <span class='ocrx_word' id='word_1_228' title='bbox 842 2402 962 2456; x_wconf 82' lang='lat' dir='ltr'>Freinsh.</span> <span class='ocrx_word' id='word_1_229' title='bbox 980 2420 1014 2456; x_wconf 81' lang='lat' dir='ltr'>ex</span> <span class='ocrx_word' id='word_1_230' title='bbox 1032 2401 1090 2456; x_wconf 83' lang='lat' dir='ltr'>Pal.</span> <span class='ocrx_word' id='word_1_231' title='bbox 1115 2410 1128 2454; x_wconf 90' lang='lat'>1</span> <span class='ocrx_word' id='word_1_232' title='bbox 1153 2405 1190 2456; x_wconf 88' lang='lat' dir='ltr'>ud</span> <span class='ocrx_word' id='word_1_233' title='bbox 1206 2420 1262 2456; x_wconf 82' lang='lat' dir='ltr'>eum</span> <span class='ocrx_word' id='word_1_234' title='bbox 1281 2404 1356 2469; x_wconf 72' lang='lat' dir='ltr'>dien,</span> <span class='ocrx_word' id='word_1_235' title='bbox 1374 2417 1446 2455; x_wconf 82' lang='lat' dir='ltr'>eam·</span> 
     </span>
     <span class='ocr_line' id='line_1_24' title="bbox 200 2470 1447 2542; baseline -0.002 -16"><span class='ocrx_word' id='word_1_236' title='bbox 200 2475 286 2538; x_wconf 74' lang='lat' dir='ltr'>ordea,</span> <span class='ocrx_word' id='word_1_237' title='bbox 305 2471 413 2526; x_wconf 81' lang='lat' dir='ltr'>inFlor.</span> <span class='ocrx_word' id='word_1_238' title='bbox 450 2471 490 2525; x_wconf 88' lang='lat' dir='ltr'>HI</span> <span class='ocrx_word' id='word_1_239' title='bbox 499 2471 616 2526; x_wconf 87' lang='lat' dir='ltr'>Bern.B</span> <span class='ocrx_word' id='word_1_240' title='bbox 635 2483 658 2526; x_wconf 82' lang='lat' dir='ltr'>et</span> <span class='ocrx_word' id='word_1_241' title='bbox 674 2473 807 2539; x_wconf 78' lang='lat' dir='ltr'>conuulsa,</span> <span class='ocrx_word' id='word_1_242' title='bbox 844 2486 897 2542; x_wconf 88' lang='lat' dir='ltr'>que</span> <span class='ocrx_word' id='word_1_243' title='bbox 913 2471 1078 2540; x_wconf 85' lang='lat' dir='ltr'>scripturam,</span> <span class='ocrx_word' id='word_1_244' title='bbox 1094 2487 1154 2524; x_wconf 88' lang='lat' dir='ltr'>cum</span> <span class='ocrx_word' id='word_1_245' title='bbox 1163 2487 1280 2524; x_wconf 89' lang='lat' dir='ltr'>errorum</span> <span class='ocrx_word' id='word_1_246' title='bbox 1288 2470 1447 2524; x_wconf 86' lang='lat' dir='ltr'>amovendo·</span> 
     </span>
     <span class='ocr_line' id='line_1_25' title="bbox 200 2537 1448 2612; baseline -0.002 -17"><span class='ocrx_word' id='word_1_247' title='bbox 200 2541 229 2595; x_wconf 92' lang='lat' dir='ltr'>in</span> <span class='ocrx_word' id='word_1_248' title='bbox 247 2541 354 2612; x_wconf 87' lang='lat' dir='ltr'>reliquia</span> <span class='ocrx_word' id='word_1_249' title='bbox 373 2543 516 2594; x_wconf 65' lang='lat' dir='ltr'>corsculeu.⁴</span> <span class='ocrx_word' id='word_1_250' title='bbox 842 2557 901 2592; x_wconf 79' lang='lat' dir='ltr'>nrm</span> <span class='ocrx_word' id='word_1_251' title='bbox 919 2539 997 2608; x_wconf 83' lang='lat' dir='ltr'>copia</span> <span class='ocrx_word' id='word_1_252' title='bbox 1013 2537 1102 2593; x_wconf 86' lang='lat' dir='ltr'>oculos</span> <span class='ocrx_word' id='word_1_253' title='bbox 1120 2538 1293 2604; x_wconf 78' lang='lat' dir='ltr'>confudisset,</span> <span class='ocrx_word' id='word_1_254' title='bbox 1314 2539 1343 2592; x_wconf 90' lang='lat' dir='ltr'>in</span> <span class='ocrx_word' id='word_1_255' title='bbox 1360 2537 1448 2609; x_wconf 87' lang='lat' dir='ltr'>priore</span> 
     </span>
    </p>

    <p class='ocr_par' dir='ltr' id='par_1_5' title="bbox 200 2606 1448 2817">
     <span class='ocr_line' id='line_1_26' title="bbox 237 2606 1448 2680; baseline -0.004 -17"><span class='ocrx_word' id='word_1_256' title='bbox 237 2612 261 2680; x_wconf 69' lang='grc'>5.</span> <span class='ocrx_word' id='word_1_257' title='bbox 278 2617 321 2664; x_wconf 81' lang='grc'>21.</span> <span class='ocrx_word' id='word_1_258' title='bbox 357 2626 404 2662; x_wconf 80' lang='lat' dir='ltr'>nec</span> <span class='ocrx_word' id='word_1_259' title='bbox 420 2619 492 2662; x_wconf 77' lang='lat' dir='ltr'>stare</span> <span class='ocrx_word' id='word_1_260' title='bbox 510 2625 539 2662; x_wconf 81' lang='lat' dir='ltr'>er</span> <span class='ocrx_word' id='word_1_261' title='bbox 557 2627 572 2662; x_wconf 87' lang='lat' dir='ltr'>o</span> <span class='ocrx_word' id='word_1_262' title='bbox 587 2610 720 2680; x_wconf 82' lang='lat' dir='ltr'>poterunt]</span> <span class='ocrx_word' id='word_1_263' title='bbox 747 2608 808 2662; x_wconf 90' lang='lat' dir='ltr'>Hoc</span> <span class='ocrx_word' id='word_1_264' title='bbox 841 2606 904 2660; x_wconf 83' lang='lat' dir='ltr'>edit</span> <span class='ocrx_word' id='word_1_265' title='bbox 928 2606 1044 2672; x_wconf 77' lang='lat' dir='ltr'>servavi,</span> <span class='ocrx_word' id='word_1_266' title='bbox 1068 2625 1122 2661; x_wconf 86' lang='lat' dir='ltr'>non</span> <span class='ocrx_word' id='word_1_267' title='bbox 1144 2607 1347 2672; x_wconf 72' lang='lat' dir='ltr'>terrefaciens,</span> <span class='ocrx_word' id='word_1_268' title='bbox 1394 2606 1448 2674; x_wconf 83' lang='lat' dir='ltr'>uis,</span> 
     </span>
     <span class='ocr_line' id='line_1_27' title="bbox 200 2623 1447 2756; baseline -0.003 -24"><span class='ocrx_word' id='word_1_269' title='bbox 200 2677 261 2732; x_wconf 90' lang='lat' dir='ltr'>loco</span> <span class='ocrx_word' id='word_1_270' title='bbox 270 2678 380 2731; x_wconf 84' lang='lat' dir='ltr'>verbum</span> <span class='ocrx_word' id='word_1_271' title='bbox 400 2745 406 2756; x_wconf 95' lang='lat'>.</span> <span class='ocrx_word' id='word_1_272' title='bbox 424 2683 491 2730; x_wconf 90' lang='lat' dir='ltr'>nunt</span> <span class='ocrx_word' id='word_1_273' title='bbox 500 2629 604 2730; x_wconf 66' lang='lat' dir='ltr'>nodeca</span> <span class='ocrx_word' id='word_1_274' title='bbox 613 2676 697 2731; x_wconf 88' lang='lat' dir='ltr'>nostri</span> <span class='ocrx_word' id='word_1_275' title='bbox 708 2695 808 2742; x_wconf 79' lang='lat' dir='ltr'>omnes,</span> <span class='ocrx_word' id='word_1_276' title='bbox 844 2693 903 2729; x_wconf 89' lang='lat' dir='ltr'>cum</span> <span class='ocrx_word' id='word_1_277' title='bbox 930 2678 968 2728; x_wconf 87' lang='lat' dir='ltr'>ud</span> <span class='ocrx_word' id='word_1_278' title='bbox 989 2675 1093 2745; x_wconf 83' lang='lat' dir='ltr'>legatur</span> <span class='ocrx_word' id='word_1_279' title='bbox 1116 2674 1181 2728; x_wconf 91' lang='lat' dir='ltr'>illud</span> <span class='ocrx_word' id='word_1_280' title='bbox 1208 2675 1318 2755; x_wconf 70' lang='lat' dir='ltr'>quidem¹</span> <span class='ocrx_word' id='word_1_281' title='bbox 1331 2674 1358 2728; x_wconf 90' lang='lat' dir='ltr'>iu</span> <span class='ocrx_word' id='word_1_282' title='bbox 1375 2623 1447 2754; x_wconf 73' lang='lat' dir='ltr'>iiior.</span> 
     </span>
     <span class='ocr_line' id='line_1_28' title="bbox 221 2743 1448 2817; baseline -0.003 -17"><span class='ocrx_word' id='word_1_283' title='bbox 221 2747 274 2800; x_wconf 87' lang='lat' dir='ltr'>uod</span> <span class='ocrx_word' id='word_1_284' title='bbox 305 2745 333 2800; x_wconf 93' lang='lat' dir='ltr'>iu</span> <span class='ocrx_word' id='word_1_285' title='bbox 408 2744 443 2798; x_wconf 89' lang='lat' dir='ltr'>tia</span> <span class='ocrx_word' id='word_1_286' title='bbox 474 2745 670 2817; x_wconf 79' lang='lat' dir='ltr'>exemplaribus</span> <span class='ocrx_word' id='word_1_287' title='bbox 702 2753 810 2816; x_wconf 80' lang='lat' dir='ltr'>praeter</span> <span class='ocrx_word' id='word_1_288' title='bbox 843 2743 961 2797; x_wconf 85' lang='lat' dir='ltr'>DEFHI</span> <span class='ocrx_word' id='word_1_289' title='bbox 984 2743 1064 2797; x_wconf 89' lang='lat' dir='ltr'>Beru.</span> <span class='ocrx_word' id='word_1_290' title='bbox 1091 2743 1130 2810; x_wconf 81' lang='grc' dir='ltr'>Β,</span> <span class='ocrx_word' id='word_1_291' title='bbox 1163 2743 1191 2796; x_wconf 91' lang='lat' dir='ltr'>in</span> <span class='ocrx_word' id='word_1_292' title='bbox 1225 2743 1332 2814; x_wconf 73' lang='lat' dir='ltr'>reliquie</span> <span class='ocrx_word' id='word_1_293' title='bbox 1359 2751 1448 2796; x_wconf 85' lang='lat' dir='ltr'>tamen</span> 
     </span>
    </p>

    <p class='ocr_par' dir='ltr' id='par_1_6' title="bbox 200 2810 1451 3700">
     <span class='ocr_line' id='line_1_29' title="bbox 235 2810 1448 2885; baseline -0.003 -17"><span class='ocrx_word' id='word_1_294' title='bbox 235 2814 278 2868; x_wconf 82' lang='lat' dir='ltr'>od.</span> <span class='ocrx_word' id='word_1_295' title='bbox 296 2813 418 2866; x_wconf 89' lang='lat' dir='ltr'>ultimum</span> <span class='ocrx_word' id='word_1_296' title='bbox 436 2813 521 2867; x_wconf 85' lang='lat' dir='ltr'>locutu</span> <span class='ocrx_word' id='word_1_297' title='bbox 532 2815 727 2885; x_wconf 73' lang='lat' dir='ltr'>(postproteys)</span> <span class='ocrx_word' id='word_1_298' title='bbox 738 2813 809 2867; x_wconf 91' lang='lat' dir='ltr'>obti-</span> <span class='ocrx_word' id='word_1_299' title='bbox 844 2812 949 2865; x_wconf 87' lang='lat' dir='ltr'>maioris</span> <span class='ocrx_word' id='word_1_300' title='bbox 966 2812 1132 2865; x_wconf 80' lang='lat' dir='ltr'>auctoritatis</span> <span class='ocrx_word' id='word_1_301' title='bbox 1151 2811 1222 2865; x_wconf 87' lang='lat' dir='ltr'>libris</span> <span class='ocrx_word' id='word_1_302' title='bbox 1231 2811 1327 2865; x_wconf 85' lang='lat' dir='ltr'>nostris</span> <span class='ocrx_word' id='word_1_303' title='bbox 1336 2819 1364 2864; x_wconf 89' lang='lat' dir='ltr'>et</span> <span class='ocrx_word' id='word_1_304' title='bbox 1373 2810 1448 2864; x_wconf 86' lang='lat' dir='ltr'>Leid.</span> 
     </span>
     <span class='ocr_line' id='line_1_30' title="bbox 201 2879 1449 2951; baseline -0.002 -15"><span class='ocrx_word' id='word_1_305' title='bbox 201 2891 258 2936; x_wconf 88' lang='lat' dir='ltr'>net.</span> <span class='ocrx_word' id='word_1_306' title='bbox 268 2881 350 2937; x_wconf 74' lang='lat' dir='ltr'>Suel.</span> <span class='ocrx_word' id='word_1_307' title='bbox 360 2881 433 2934; x_wconf 71' lang='lat' dir='ltr'>leid.</span> <span class='ocrx_word' id='word_1_308' title='bbox 453 2891 482 2935; x_wconf 90' lang='lat' dir='ltr'>et</span> <span class='ocrx_word' id='word_1_309' title='bbox 494 2885 591 2936; x_wconf 80' lang='lat' dir='ltr'>Vosal</span> <span class='ocrx_word' id='word_1_310' title='bbox 611 2891 808 2947; x_wconf 85' lang='lat' dir='ltr'>commemoret,</span> <span class='ocrx_word' id='word_1_311' title='bbox 845 2881 945 2934; x_wconf 85' lang='lat' dir='ltr'>Vosal</span> <span class='ocrx_word' id='word_1_312' title='bbox 967 2879 1083 2951; x_wconf 83' lang='lat' dir='ltr'>itemque</span> <span class='ocrx_word' id='word_1_313' title='bbox 1100 2880 1127 2933; x_wconf 92' lang='lat' dir='ltr'>iu</span> <span class='ocrx_word' id='word_1_314' title='bbox 1144 2879 1303 2934; x_wconf 75' lang='lat' dir='ltr'>editionibus</span> <span class='ocrx_word' id='word_1_315' title='bbox 1321 2879 1449 2934; x_wconf 85' lang='lat' dir='ltr'>vetustio-</span> 
     </span>
     <span class='ocr_line' id='line_1_31' title="bbox 201 2949 1061 3024; baseline -0.007 -18"><span class='ocrx_word' id='word_1_316' title='bbox 201 2970 269 3024; x_wconf 88' lang='lat' dir='ltr'>quos</span> <span class='ocrx_word' id='word_1_317' title='bbox 293 2949 377 3004; x_wconf 82' lang='lat' dir='ltr'>tradit</span> <span class='ocrx_word' id='word_1_318' title='bbox 404 2949 501 3003; x_wconf 78' lang='lat' dir='ltr'>hebere</span> <span class='ocrx_word' id='word_1_319' title='bbox 525 2967 571 3004; x_wconf 80' lang='lat' dir='ltr'>nec</span> <span class='ocrx_word' id='word_1_320' title='bbox 597 2961 669 3004; x_wconf 82' lang='lat' dir='ltr'>sture</span> <span class='ocrx_word' id='word_1_321' title='bbox 685 2961 809 3020; x_wconf 81' lang='lat' dir='ltr'>poterunt</span> <span class='ocrx_word' id='word_1_322' title='bbox 845 2951 917 3003; x_wconf 81' lang='lat' dir='ltr'>ribus</span> <span class='ocrx_word' id='word_1_323' title='bbox 935 2957 976 3002; x_wconf 80' lang='lat' dir='ltr'>est</span> <span class='ocrx_word' id='word_1_324' title='bbox 993 2959 1061 3001; x_wconf 82' lang='lat' dir='ltr'>ante.</span> 
     </span>
     <span class='ocr_line' id='line_1_32' title="bbox 200 3016 1449 3100; baseline -0.002 -27"><span class='ocrx_word' id='word_1_325' title='bbox 200 3021 220 3074; x_wconf 87' lang='lat' dir='ltr'>i.</span> <span class='ocrx_word' id='word_1_326' title='bbox 238 3035 262 3072; x_wconf 85' lang='lat' dir='ltr'>e.</span> <span class='ocrx_word' id='word_1_327' title='bbox 280 3017 376 3073; x_wconf 87' lang='lat' dir='ltr'>omisso</span> <span class='ocrx_word' id='word_1_328' title='bbox 398 3017 528 3072; x_wconf 75' lang='lat' dir='ltr'>vocabulo</span> <span class='ocrx_word' id='word_1_329' title='bbox 550 3035 629 3100; x_wconf 73' lang='lat' dir='ltr'>erqo,</span> <span class='ocrx_word' id='word_1_330' title='bbox 673 3019 725 3073; x_wconf 90' lang='lat' dir='ltr'>uod</span> <span class='ocrx_word' id='word_1_331' title='bbox 746 3018 809 3072; x_wconf 83' lang='lat' dir='ltr'>item</span> <span class='ocrx_word' id='word_1_332' title='bbox 878 3034 951 3070; x_wconf 83' lang='lat' dir='ltr'>more</span> <span class='ocrx_word' id='word_1_333' title='bbox 991 3027 1073 3086; x_wconf 80' lang='lat' dir='ltr'>utque</span> <span class='ocrx_word' id='word_1_334' title='bbox 1098 3033 1191 3070; x_wconf 81' lang='lat' dir='ltr'>norum</span> <span class='ocrx_word' id='word_1_335' title='bbox 1213 3017 1242 3068; x_wconf 82' lang='grc' dir='ltr'>ιἰι</span> <span class='ocrx_word' id='word_1_336' title='bbox 1265 3016 1375 3086; x_wconf 83' lang='lat' dir='ltr'>Pamph.</span> <span class='ocrx_word' id='word_1_337' title='bbox 1398 3017 1449 3070; x_wconf 83' lang='lat' dir='ltr'>s&#39;ter</span> 
     </span>
     <span class='ocr_line' id='line_1_33' title="bbox 201 3035 1449 3156; baseline -0.002 -16"><span class='ocrx_word' id='word_1_338' title='bbox 201 3089 279 3142; x_wconf 71' lang='lat' dir='ltr'>doest</span> <span class='ocrx_word' id='word_1_339' title='bbox 296 3087 323 3139; x_wconf 90' lang='lat' dir='ltr'>iu</span> <span class='ocrx_word' id='word_1_340' title='bbox 341 3085 414 3139; x_wconf 87' lang='lat' dir='ltr'>Flor.</span> <span class='ocrx_word' id='word_1_341' title='bbox 433 3085 530 3141; x_wconf 77' lang='lat' dir='ltr'>curt.</span> <span class='ocrx_word' id='word_1_342' title='bbox 548 3086 634 3140; x_wconf 82' lang='lat' dir='ltr'>Mnor</span> <span class='ocrx_word' id='word_1_343' title='bbox 650 3035 709 3140; x_wconf 77' lang='lat' dir='ltr'>ihus</span> <span class='ocrx_word' id='word_1_344' title='bbox 725 3087 810 3141; x_wconf 88' lang='lat' dir='ltr'>bonos</span> <span class='ocrx_word' id='word_1_345' title='bbox 845 3035 997 3156; x_wconf 63' lang='lat' dir='ltr'>aperturi]</span> <span class='ocrx_word' id='word_1_346' title='bbox 1040 3083 1295 3138; x_wconf 72' lang='lat' dir='ltr'>Praestantissimum</span> <span class='ocrx_word' id='word_1_347' title='bbox 1318 3085 1385 3138; x_wconf 84' lang='lat' dir='ltr'>hane</span> <span class='ocrx_word' id='word_1_348' title='bbox 1411 3085 1449 3137; x_wconf 89' lang='lat' dir='ltr'>le-</span> 
     </span>
     <span class='ocr_line' id='line_1_34' title="bbox 202 3153 1449 3234; baseline -0.004 -24"><span class='ocrx_word' id='word_1_349' title='bbox 202 3157 285 3210; x_wconf 88' lang='lat' dir='ltr'>libroa</span> <span class='ocrx_word' id='word_1_350' title='bbox 302 3172 320 3208; x_wconf 85' lang='lat' dir='ltr'>a</span> <span class='ocrx_word' id='word_1_351' title='bbox 335 3163 408 3208; x_wconf 85' lang='lat' dir='ltr'>secta</span> <span class='ocrx_word' id='word_1_352' title='bbox 422 3154 623 3222; x_wconf 78' lang='lat' dir='ltr'>stmdiscedere,</span> <span class='ocrx_word' id='word_1_353' title='bbox 641 3155 810 3209; x_wconf 87' lang='lat' dir='ltr'>miroretiam</span> <span class='ocrx_word' id='word_1_354' title='bbox 845 3154 959 3207; x_wconf 87' lang='lat' dir='ltr'>ctionem</span> <span class='ocrx_word' id='word_1_355' title='bbox 983 3153 1102 3206; x_wconf 87' lang='lat' dir='ltr'>codicum</span> <span class='ocrx_word' id='word_1_356' title='bbox 1124 3153 1204 3206; x_wconf 84' lang='lat' dir='ltr'>Ber-n.</span> <span class='ocrx_word' id='word_1_357' title='bbox 1222 3153 1359 3234; x_wconf 86' lang='lat' dir='ltr'>utriusque</span> <span class='ocrx_word' id='word_1_358' title='bbox 1377 3153 1449 3206; x_wconf 83' lang='lat' dir='ltr'>Flor.</span> 
     </span>
     <span class='ocr_line' id='line_1_35' title="bbox 202 3221 1449 3294; baseline -0.002 -16"><span class='ocrx_word' id='word_1_359' title='bbox 202 3225 281 3278; x_wconf 83' lang='lat' dir='ltr'>Voss.</span> <span class='ocrx_word' id='word_1_360' title='bbox 299 3231 315 3277; x_wconf 78' lang='lat'>2</span> <span class='ocrx_word' id='word_1_361' title='bbox 333 3241 387 3276; x_wconf 90' lang='lat' dir='ltr'>nou</span> <span class='ocrx_word' id='word_1_362' title='bbox 409 3223 624 3290; x_wconf 85' lang='lat' dir='ltr'>commemorari,</span> <span class='ocrx_word' id='word_1_363' title='bbox 652 3241 811 3294; x_wconf 79' lang='lat' dir='ltr'>quamquain</span> <span class='ocrx_word' id='word_1_364' title='bbox 845 3221 1000 3276; x_wconf 79' lang='lat' dir='ltr'>ABCEGH</span> <span class='ocrx_word' id='word_1_365' title='bbox 1019 3231 1048 3274; x_wconf 84' lang='lat' dir='ltr'>et</span> <span class='ocrx_word' id='word_1_366' title='bbox 1065 3221 1260 3291; x_wconf 76' lang='lat' dir='ltr'>snakenburgii</span> <span class='ocrx_word' id='word_1_367' title='bbox 1283 3231 1363 3275; x_wconf 79' lang='lat' dir='ltr'>trium</span> <span class='ocrx_word' id='word_1_368' title='bbox 1381 3221 1449 3275; x_wconf 82' lang='lat' dir='ltr'>reci·</span> 
     </span>
     <span class='ocr_line' id='line_1_36' title="bbox 202 3289 1450 3362; baseline -0.002 -17"><span class='ocrx_word' id='word_1_369' title='bbox 202 3309 264 3345; x_wconf 88' lang='lat' dir='ltr'>eum</span> <span class='ocrx_word' id='word_1_370' title='bbox 282 3290 309 3344; x_wconf 88' lang='lat' dir='ltr'>in</span> <span class='ocrx_word' id='word_1_371' title='bbox 327 3290 501 3345; x_wconf 85' lang='lat' dir='ltr'>collocatione</span> <span class='ocrx_word' id='word_1_372' title='bbox 527 3293 667 3346; x_wconf 83' lang='lat' dir='ltr'>verborum</span> <span class='ocrx_word' id='word_1_373' title='bbox 691 3309 751 3344; x_wconf 87' lang='lat' dir='ltr'>cunr</span> <span class='ocrx_word' id='word_1_374' title='bbox 769 3308 810 3345; x_wconf 89' lang='lat' dir='ltr'>re-</span> <span class='ocrx_word' id='word_1_375' title='bbox 846 3307 909 3362; x_wconf 87' lang='lat' dir='ltr'>pere</span> <span class='ocrx_word' id='word_1_376' title='bbox 928 3291 986 3360; x_wconf 88' lang='lat' dir='ltr'>quis</span> <span class='ocrx_word' id='word_1_377' title='bbox 1004 3290 1122 3354; x_wconf 84' lang='lat' dir='ltr'>dubitet,</span> <span class='ocrx_word' id='word_1_378' title='bbox 1150 3307 1208 3344; x_wconf 89' lang='lat' dir='ltr'>cum</span> <span class='ocrx_word' id='word_1_379' title='bbox 1232 3290 1300 3360; x_wconf 78' lang='lat' dir='ltr'>regis</span> <span class='ocrx_word' id='word_1_380' title='bbox 1324 3289 1350 3343; x_wconf 93' lang='lat' dir='ltr'>in</span> <span class='ocrx_word' id='word_1_381' title='bbox 1372 3306 1403 3342; x_wconf 86' lang='lat' dir='ltr'>ea</span> <span class='ocrx_word' id='word_1_382' title='bbox 1421 3306 1450 3342; x_wconf 91' lang='lat' dir='ltr'>re</span> 
     </span>
     <span class='ocr_line' id='line_1_37' title="bbox 204 3358 1451 3438; baseline -0.003 -24"><span class='ocrx_word' id='word_1_383' title='bbox 204 3359 284 3414; x_wconf 85' lang='lat' dir='ltr'>linia</span> <span class='ocrx_word' id='word_1_384' title='bbox 301 3360 398 3412; x_wconf 78' lang='lat' dir='ltr'>lacere</span> <span class='ocrx_word' id='word_1_385' title='bbox 408 3369 482 3430; x_wconf 89' lang='lat' dir='ltr'>puto.</span> <span class='ocrx_word' id='word_1_386' title='bbox 518 3360 584 3414; x_wconf 87' lang='lat' dir='ltr'>Mox</span> <span class='ocrx_word' id='word_1_387' title='bbox 607 3377 625 3414; x_wconf 90' lang='lat' dir='ltr'>e</span> <span class='ocrx_word' id='word_1_388' title='bbox 641 3360 721 3414; x_wconf 89' lang='lat' dir='ltr'>Beru.</span> <span class='ocrx_word' id='word_1_389' title='bbox 739 3361 766 3412; x_wconf 80' lang='lat' dir='ltr'>A</span> <span class='ocrx_word' id='word_1_390' title='bbox 782 3369 812 3413; x_wconf 89' lang='lat' dir='ltr'>ct</span> <span class='ocrx_word' id='word_1_391' title='bbox 846 3359 959 3412; x_wconf 81' lang='lat' dir='ltr'>minores</span> <span class='ocrx_word' id='word_1_392' title='bbox 986 3367 1075 3438; x_wconf 84' lang='lat' dir='ltr'>partes</span> <span class='ocrx_word' id='word_1_393' title='bbox 1103 3358 1202 3412; x_wconf 85' lang='lat' dir='ltr'>suen&#39;nt</span> <span class='ocrx_word' id='word_1_394' title='bbox 1227 3377 1306 3430; x_wconf 82' lang='lat' dir='ltr'>quarn</span> <span class='ocrx_word' id='word_1_395' title='bbox 1329 3358 1451 3412; x_wconf 78' lang='lat' dir='ltr'>fortunae</span> 
     </span>
     <span class='ocr_line' id='line_1_38' title="bbox 203 3377 1450 3499; baseline -0.002 -16"><span class='ocrx_word' id='word_1_396' title='bbox 203 3377 311 3483; x_wconf 64' lang='lat' dir='ltr'>riona</span> <span class='ocrx_word' id='word_1_397' title='bbox 329 3429 408 3498; x_wconf 87' lang='lat' dir='ltr'>longe</span> <span class='ocrx_word' id='word_1_398' title='bbox 426 3428 596 3499; x_wconf 84' lang='lat' dir='ltr'>integerrimo</span> <span class='ocrx_word' id='word_1_399' title='bbox 613 3445 691 3481; x_wconf 86' lang='lat' dir='ltr'>ne—</span> <span class='ocrx_word' id='word_1_400' title='bbox 708 3431 811 3498; x_wconf 80' lang='lat' dir='ltr'>quidem</span> <span class='ocrx_word' id='word_1_401' title='bbox 845 3437 874 3480; x_wconf 89' lang='lat' dir='ltr'>et</span> <span class='ocrx_word' id='word_1_402' title='bbox 897 3426 1009 3481; x_wconf 78' lang='lat' dir='ltr'>numinis</span> <span class='ocrx_word' id='word_1_403' title='bbox 1032 3425 1132 3479; x_wconf 81' lang='lat' dir='ltr'>divini?</span> <span class='ocrx_word' id='word_1_404' title='bbox 1172 3426 1241 3480; x_wconf 91' lang='lat' dir='ltr'>Vide</span> <span class='ocrx_word' id='word_1_405' title='bbox 1264 3428 1296 3479; x_wconf 90' lang='lat' dir='ltr'>de</span> <span class='ocrx_word' id='word_1_406' title='bbox 1320 3426 1450 3480; x_wconf 78' lang='lat' dir='ltr'>radicibus</span> 
     </span>
     <span class='ocr_line' id='line_1_39' title="bbox 203 3494 1451 3568; baseline -0.003 -17"><span class='ocrx_word' id='word_1_407' title='bbox 203 3496 309 3552; x_wconf 77' lang='lat' dir='ltr'>restitui</span> <span class='ocrx_word' id='word_1_408' title='bbox 327 3513 377 3568; x_wconf 89' lang='lat' dir='ltr'>pro</span> <span class='ocrx_word' id='word_1_409' title='bbox 395 3496 466 3567; x_wconf 83' lang='lat' dir='ltr'>vulg.</span> <span class='ocrx_word' id='word_1_410' title='bbox 485 3513 532 3550; x_wconf 85' lang='lat' dir='ltr'>nec</span> <span class='ocrx_word' id='word_1_411' title='bbox 547 3528 581 3538; x_wconf 94' lang='lat'><em>-</em></span> <span class='ocrx_word' id='word_1_412' title='bbox 596 3499 707 3566; x_wconf 83' lang='lat' dir='ltr'>quidem,</span> <span class='ocrx_word' id='word_1_413' title='bbox 726 3513 811 3568; x_wconf 87' lang='lat' dir='ltr'>neque</span> <span class='ocrx_word' id='word_1_414' title='bbox 846 3496 942 3548; x_wconf 87' lang='lat' dir='ltr'>montis</span> <span class='ocrx_word' id='word_1_415' title='bbox 961 3494 1084 3549; x_wconf 85' lang='lat' dir='ltr'>Climacia</span> <span class='ocrx_word' id='word_1_416' title='bbox 1101 3495 1233 3548; x_wconf 79' lang='lat' dir='ltr'>Phaselim</span> <span class='ocrx_word' id='word_1_417' title='bbox 1256 3495 1325 3548; x_wconf 83' lang='lat' dir='ltr'>inter</span> <span class='ocrx_word' id='word_1_418' title='bbox 1341 3501 1368 3546; x_wconf 88' lang='lat' dir='ltr'>et</span> <span class='ocrx_word' id='word_1_419' title='bbox 1384 3495 1451 3548; x_wconf 89' lang='lat' dir='ltr'>Per·</span> 
     </span>
     <span class='ocr_line' id='line_1_40' title="bbox 203 3563 1451 3636; baseline -0.001 -17"><span class='ocrx_word' id='word_1_420' title='bbox 203 3566 275 3620; x_wconf 88' lang='lat' dir='ltr'>enirn</span> <span class='ocrx_word' id='word_1_421' title='bbox 301 3565 486 3619; x_wconf 87' lang='lat' dir='ltr'>coniunctione</span> <span class='ocrx_word' id='word_1_422' title='bbox 510 3564 537 3618; x_wconf 92' lang='lat' dir='ltr'>iu</span> <span class='ocrx_word' id='word_1_423' title='bbox 563 3565 719 3636; x_wconf 82' lang='lat' dir='ltr'>gradatione</span> <span class='ocrx_word' id='word_1_424' title='bbox 745 3583 811 3636; x_wconf 90' lang='lat' dir='ltr'>opus</span> <span class='ocrx_word' id='word_1_425' title='bbox 846 3583 907 3634; x_wconf 87' lang='lat' dir='ltr'>garn</span> <span class='ocrx_word' id='word_1_426' title='bbox 931 3563 1044 3616; x_wconf 79' lang='lat' dir='ltr'>feliciter</span> <span class='ocrx_word' id='word_1_427' title='bbox 1067 3563 1196 3634; x_wconf 87' lang='lat' dir='ltr'>superatis</span> <span class='ocrx_word' id='word_1_428' title='bbox 1223 3563 1327 3617; x_wconf 75' lang='lat' dir='ltr'>Arrian.</span> <span class='ocrx_word' id='word_1_429' title='bbox 1354 3577 1378 3630; x_wconf 84' lang='lat'>1,</span> <span class='ocrx_word' id='word_1_430' title='bbox 1408 3569 1451 3618; x_wconf 73' lang='lat' dir='ltr'>tt.</span> 
     </span>
     <span class='ocr_line' id='line_1_41' title="bbox 203 3631 1451 3700; baseline -0.003 -12"><span class='ocrx_word' id='word_1_431' title='bbox 203 3643 259 3700; x_wconf 68' lang='grc' dir='ltr'>αις</span> <span class='ocrx_word' id='word_1_432' title='bbox 278 3635 313 3687; x_wconf 80' lang='lat' dir='ltr'>cf.</span> <span class='ocrx_word' id='word_1_433' title='bbox 332 3635 366 3687; x_wconf 90' lang='lat' dir='ltr'>ad</span> <span class='ocrx_word' id='word_1_434' title='bbox 385 3649 435 3700; x_wconf 83' lang='lat'>111,</span> <span class='ocrx_word' id='word_1_435' title='bbox 454 3640 495 3688; x_wconf 79' lang='lat'>28.</span> <span class='ocrx_word' id='word_1_436' title='bbox 846 3633 942 3686; x_wconf 89' lang='lat' dir='ltr'>Adhuc</span> <span class='ocrx_word' id='word_1_437' title='bbox 959 3633 1089 3685; x_wconf 75' lang='lat' dir='ltr'>edebatur</span> <span class='ocrx_word' id='word_1_438' title='bbox 1105 3633 1184 3695; x_wconf 74' lang='lat' dir='ltr'>muri,</span> <span class='ocrx_word' id='word_1_439' title='bbox 1201 3631 1291 3685; x_wconf 86' lang='lat' dir='ltr'>ordine</span> <span class='ocrx_word' id='word_1_440' title='bbox 1304 3631 1451 3684; x_wconf 83' lang='lat' dir='ltr'>ctiarnver-</span> 
     </span>
    </p>

    <p class='ocr_par' dir='ltr' id='par_1_7' title="bbox 204 3699 1454 4526">
     <span class='ocr_line' id='line_1_42' title="bbox 238 3699 1452 3772; baseline -0.002 -17"><span class='ocrx_word' id='word_1_441' title='bbox 238 3705 267 3755; x_wconf 84' lang='lat' dir='ltr'>ia</span> <span class='ocrx_word' id='word_1_442' title='bbox 295 3705 357 3756; x_wconf 81' lang='lat' dir='ltr'>illus</span> <span class='ocrx_word' id='word_1_443' title='bbox 390 3704 532 3772; x_wconf 73' lang='lat' dir='ltr'>aequalius</span> <span class='ocrx_word' id='word_1_444' title='bbox 564 3703 639 3754; x_wconf 79' lang='lat' dir='ltr'>eiecti</span> <span class='ocrx_word' id='word_1_445' title='bbox 671 3704 810 3769; x_wconf 63' lang='lat' dir='ltr'>oreretur]</span> <span class='ocrx_word' id='word_1_446' title='bbox 847 3703 939 3754; x_wconf 78' lang='lat' dir='ltr'>bonum</span> <span class='ocrx_word' id='word_1_447' title='bbox 975 3699 1083 3770; x_wconf 84' lang='lat' dir='ltr'>paulum</span> <span class='ocrx_word' id='word_1_448' title='bbox 1118 3699 1264 3753; x_wconf 85' lang='lat' dir='ltr'>immutato.</span> <span class='ocrx_word' id='word_1_449' title='bbox 1309 3699 1376 3767; x_wconf 90' lang='lat' dir='ltr'>(Sed</span> <span class='ocrx_word' id='word_1_450' title='bbox 1411 3708 1452 3753; x_wconf 86' lang='lat' dir='ltr'>est</span> 
     </span>
     <span class='ocr_line' id='line_1_43' title="bbox 204 3767 1452 3840; baseline -0.002 -15"><span class='ocrx_word' id='word_1_451' title='bbox 204 3771 256 3825; x_wconf 83' lang='lat' dir='ltr'>Est</span> <span class='ocrx_word' id='word_1_452' title='bbox 273 3769 339 3822; x_wconf 85' lang='lat' dir='ltr'>haec</span> <span class='ocrx_word' id='word_1_453' title='bbox 357 3780 477 3824; x_wconf 82' lang='lat' dir='ltr'>veterum</span> <span class='ocrx_word' id='word_1_454' title='bbox 495 3769 641 3824; x_wconf 89' lang='lat' dir='ltr'>editionum</span> <span class='ocrx_word' id='word_1_455' title='bbox 655 3779 684 3822; x_wconf 90' lang='lat' dir='ltr'>ot</span> <span class='ocrx_word' id='word_1_456' title='bbox 697 3770 812 3840; x_wconf 90' lang='lat' dir='ltr'>optimo·</span> <span class='ocrx_word' id='word_1_457' title='bbox 848 3768 953 3822; x_wconf 87' lang='lat' dir='ltr'>hercule</span> <span class='ocrx_word' id='word_1_458' title='bbox 971 3777 1002 3822; x_wconf 90' lang='lat' dir='ltr'>ut</span> <span class='ocrx_word' id='word_1_459' title='bbox 1019 3769 1114 3822; x_wconf 87' lang='lat' dir='ltr'>addam</span> <span class='ocrx_word' id='word_1_460' title='bbox 1127 3785 1199 3820; x_wconf 69' lang='lat' dir='ltr'>neure</span> <span class='ocrx_word' id='word_1_461' title='bbox 1213 3786 1254 3822; x_wconf 89' lang='lat' dir='ltr'>mc</span> <span class='ocrx_word' id='word_1_462' title='bbox 1263 3767 1452 3822; x_wconf 87' lang='lat' dir='ltr'>nominativum</span> 
     </span>
     <span class='ocr_line' id='line_1_44' title="bbox 204 3836 1452 3907; baseline -0.002 -14"><span class='ocrx_word' id='word_1_463' title='bbox 204 3856 265 3893; x_wconf 87' lang='lat' dir='ltr'>rum</span> <span class='ocrx_word' id='word_1_464' title='bbox 291 3839 409 3892; x_wconf 89' lang='lat' dir='ltr'>codicum</span> <span class='ocrx_word' id='word_1_465' title='bbox 433 3838 521 3906; x_wconf 72' lang='lat' dir='ltr'>(Leid,</span> <span class='ocrx_word' id='word_1_466' title='bbox 548 3839 658 3892; x_wconf 81' lang='lat' dir='ltr'>Vosat</span> <span class='ocrx_word' id='word_1_467' title='bbox 685 3838 766 3892; x_wconf 88' lang='lat' dir='ltr'>Bcru.</span> <span class='ocrx_word' id='word_1_468' title='bbox 787 3839 813 3890; x_wconf 82' lang='grc' dir='ltr'><strong>Α</strong></span> <span class='ocrx_word' id='word_1_469' title='bbox 848 3855 935 3891; x_wconf 81' lang='lat' dir='ltr'>casum</span> <span class='ocrx_word' id='word_1_470' title='bbox 953 3837 1082 3907; x_wconf 82' lang='lat' dir='ltr'>accipere,</span> <span class='ocrx_word' id='word_1_471' title='bbox 1101 3853 1135 3889; x_wconf 90' lang='lat' dir='ltr'>ne</span> <span class='ocrx_word' id='word_1_472' title='bbox 1153 3836 1211 3907; x_wconf 88' lang='lat' dir='ltr'>quis</span> <span class='ocrx_word' id='word_1_473' title='bbox 1228 3845 1321 3891; x_wconf 86' lang='lat' dir='ltr'>contra</span> <span class='ocrx_word' id='word_1_474' title='bbox 1338 3853 1392 3901; x_wconf 80' lang='lat' dir='ltr'>rue,</span> <span class='ocrx_word' id='word_1_475' title='bbox 1412 3836 1452 3890; x_wconf 91' lang='lat' dir='ltr'>uti</span> 
     </span>
     <span class='ocr_line' id='line_1_45' title="bbox 205 3905 1452 3978; baseline -0.002 -18"><span class='ocrx_word' id='word_1_476' title='bbox 205 3907 276 3961; x_wconf 87' lang='lat' dir='ltr'>Flor.</span> <span class='ocrx_word' id='word_1_477' title='bbox 295 3906 408 3972; x_wconf 79' lang='lat' dir='ltr'>ABCG)</span> <span class='ocrx_word' id='word_1_478' title='bbox 428 3907 517 3973; x_wconf 87' lang='lat' dir='ltr'>lectio,</span> <span class='ocrx_word' id='word_1_479' title='bbox 536 3925 615 3977; x_wconf 88' lang='lat' dir='ltr'>quam</span> <span class='ocrx_word' id='word_1_480' title='bbox 634 3905 741 3960; x_wconf 90' lang='lat' dir='ltr'>Medius</span> <span class='ocrx_word' id='word_1_481' title='bbox 759 3905 812 3978; x_wconf 89' lang='lat' dir='ltr'>pri-</span> <span class='ocrx_word' id='word_1_482' title='bbox 848 3907 1005 3972; x_wconf 83' lang='lat' dir='ltr'>factumest,</span> <span class='ocrx_word' id='word_1_483' title='bbox 1024 3913 1223 3975; x_wconf 83' lang='lat' dir='ltr'>argumentetur</span> <span class='ocrx_word' id='word_1_484' title='bbox 1236 3905 1452 3959; x_wconf 88' lang='lat' dir='ltr'>consuetudinem</span> 
     </span>
     <span class='ocr_line' id='line_1_46' title="bbox 205 3973 1452 4044; baseline 0 -16"><span class='ocrx_word' id='word_1_485' title='bbox 205 3993 263 4028; x_wconf 87' lang='lat' dir='ltr'>mus</span> <span class='ocrx_word' id='word_1_486' title='bbox 288 3975 411 4028; x_wconf 69' lang='lat' dir='ltr'>dmerena</span> <span class='ocrx_word' id='word_1_487' title='bbox 429 3977 538 4029; x_wconf 82' lang='lat' dir='ltr'>coniecti</span> <span class='ocrx_word' id='word_1_488' title='bbox 555 3975 647 4028; x_wconf 84' lang='lat' dir='ltr'>edidit.</span> <span class='ocrx_word' id='word_1_489' title='bbox 686 3975 754 4028; x_wconf 86' lang='lat' dir='ltr'>Eum</span> <span class='ocrx_word' id='word_1_490' title='bbox 773 3991 812 4028; x_wconf 89' lang='lat' dir='ltr'>se·</span> <span class='ocrx_word' id='word_1_491' title='bbox 848 3975 1008 4044; x_wconf 89' lang='lat' dir='ltr'>sequendam</span> <span class='ocrx_word' id='word_1_492' title='bbox 1035 3991 1092 4028; x_wconf 89' lang='lat' dir='ltr'>esse</span> <span class='ocrx_word' id='word_1_493' title='bbox 1116 3983 1145 4026; x_wconf 87' lang='lat' dir='ltr'>et</span> <span class='ocrx_word' id='word_1_494' title='bbox 1170 3973 1285 4028; x_wconf 86' lang='lat' dir='ltr'>ablativo</span> <span class='ocrx_word' id='word_1_495' title='bbox 1311 3991 1373 4028; x_wconf 86' lang='lat' dir='ltr'>casu</span> <span class='ocrx_word' id='word_1_496' title='bbox 1399 3991 1452 4028; x_wconf 90' lang='lat' dir='ltr'>non</span> 
     </span>
     <span class='ocr_line' id='line_1_47' title="bbox 205 4041 1453 4110; baseline -0.001 -13"><span class='ocrx_word' id='word_1_497' title='bbox 205 4043 261 4098; x_wconf 88' lang='lat' dir='ltr'>cuti</span> <span class='ocrx_word' id='word_1_498' title='bbox 278 4051 341 4096; x_wconf 88' lang='lat' dir='ltr'>aunt</span> <span class='ocrx_word' id='word_1_499' title='bbox 358 4043 474 4097; x_wconf 86' lang='lat' dir='ltr'>editores</span> <span class='ocrx_word' id='word_1_500' title='bbox 491 4043 668 4110; x_wconf 81' lang='lat' dir='ltr'>recentiores,</span> <span class='ocrx_word' id='word_1_501' title='bbox 686 4061 739 4097; x_wconf 92' lang='lat' dir='ltr'>non</span> <span class='ocrx_word' id='word_1_502' title='bbox 757 4043 813 4096; x_wconf 87' lang='lat' dir='ltr'>aine</span> <span class='ocrx_word' id='word_1_503' title='bbox 847 4061 936 4110; x_wconf 80' lang='lat' dir='ltr'>mere,</span> <span class='ocrx_word' id='word_1_504' title='bbox 955 4043 1000 4095; x_wconf 87' lang='lat' dir='ltr'>sed</span> <span class='ocrx_word' id='word_1_505' title='bbox 1019 4045 1089 4096; x_wconf 77' lang='lat' dir='ltr'>muri</span> <span class='ocrx_word' id='word_1_506' title='bbox 1111 4059 1168 4096; x_wconf 86' lang='lat' dir='ltr'>esse</span> <span class='ocrx_word' id='word_1_507' title='bbox 1186 4043 1358 4096; x_wconf 86' lang='lat' dir='ltr'>scribendum.</span> <span class='ocrx_word' id='word_1_508' title='bbox 1394 4041 1453 4096; x_wconf 86' lang='lat' dir='ltr'>Nec</span> 
     </span>
     <span class='ocr_line' id='line_1_48' title="bbox 205 4110 1452 4234; baseline -0.002 0"><span class='ocrx_word' id='word_1_509' title='bbox 205 4129 299 4234; x_wconf 47' lang='lat' dir='ltr'>teht</span> <span class='ocrx_word' id='word_1_510' title='bbox 314 4112 418 4233; x_wconf 68' lang='lat' dir='ltr'>:tet</span> <span class='ocrx_word' id='word_1_511' title='bbox 437 4113 655 4234; x_wconf 46' lang='lat' dir='ltr'>culture</span> <span class='ocrx_word' id='word_1_512' title='bbox 674 4114 812 4232; x_wconf 70' lang='lat' dir='ltr'>“t&#39;‘tlt</span> <span class='ocrx_word' id='word_1_513' title='bbox 848 4110 1281 4233; x_wconf 49' lang='lat' dir='ltr'>rttmstcretltrnu</span> <span class='ocrx_word' id='word_1_514' title='bbox 1303 4128 1452 4232; x_wconf 52' lang='lat' dir='ltr'>pom</span> 
     </span>
     <span class='ocr_line' id='line_1_49' title="bbox 206 4197 1453 4320; baseline -0.002 -18"><span class='ocrx_word' id='word_1_515' title='bbox 206 4267 261 4302; x_wconf 88' lang='lat' dir='ltr'>non</span> <span class='ocrx_word' id='word_1_516' title='bbox 287 4199 401 4302; x_wconf 72' lang='lat' dir='ltr'>exeuhdi</span> <span class='ocrx_word' id='word_1_517' title='bbox 433 4199 512 4304; x_wconf 58' lang='lat' dir='ltr'>geum</span> <span class='ocrx_word' id='word_1_518' title='bbox 528 4199 598 4302; x_wconf 71' lang='lat' dir='ltr'>oseti</span> <span class='ocrx_word' id='word_1_519' title='bbox 626 4199 812 4320; x_wconf 55' lang='lat' dir='ltr'>pdogiedidndi</span> <span class='ocrx_word' id='word_1_520' title='bbox 848 4199 911 4300; x_wconf 57' lang='lat' dir='ltr'>thncse</span> <span class='ocrx_word' id='word_1_521' title='bbox 920 4249 1045 4301; x_wconf 83' lang='lat' dir='ltr'>recedens</span> <span class='ocrx_word' id='word_1_522' title='bbox 1059 4221 1157 4301; x_wconf 74' lang='lat' dir='ltr'>itineris</span> <span class='ocrx_word' id='word_1_523' title='bbox 1173 4197 1322 4301; x_wconf 64' lang='lat' dir='ltr'>hertuinuh</span> <span class='ocrx_word' id='word_1_524' title='bbox 1336 4197 1453 4300; x_wconf 43' lang='lat' dir='ltr'>deigeart:</span> 
     </span>
     <span class='ocr_line' id='line_1_50' title="bbox 206 4315 1454 4389; baseline 0 -19"><span class='ocrx_word' id='word_1_525' title='bbox 206 4315 310 4387; x_wconf 84' lang='lat' dir='ltr'>lougius</span> <span class='ocrx_word' id='word_1_526' title='bbox 335 4335 382 4371; x_wconf 81' lang='lat' dir='ltr'>rex</span> <span class='ocrx_word' id='word_1_527' title='bbox 406 4317 541 4389; x_wconf 85' lang='lat' dir='ltr'>angustias</span> <span class='ocrx_word' id='word_1_528' title='bbox 563 4317 682 4370; x_wconf 83' lang='lat' dir='ltr'>intravit.</span> <span class='ocrx_word' id='word_1_529' title='bbox 722 4319 812 4386; x_wconf 80' lang='lat' dir='ltr'>Atque</span> <span class='ocrx_word' id='word_1_530' title='bbox 848 4317 890 4370; x_wconf 83' lang='lat' dir='ltr'>Cf.</span> <span class='ocrx_word' id='word_1_531' title='bbox 915 4317 1048 4370; x_wconf 76' lang='lat' dir='ltr'>Plutarch.</span> <span class='ocrx_word' id='word_1_532' title='bbox 1073 4315 1100 4370; x_wconf 92' lang='lat' dir='ltr'>in</span> <span class='ocrx_word' id='word_1_533' title='bbox 1124 4317 1178 4368; x_wconf 83' lang='lat' dir='ltr'>vita</span> <span class='ocrx_word' id='word_1_534' title='bbox 1205 4317 1274 4386; x_wconf 81' lang='lat' dir='ltr'>rugis</span> <span class='ocrx_word' id='word_1_535' title='bbox 1306 4335 1327 4370; x_wconf 91' lang='lat' dir='ltr'>c.</span> <span class='ocrx_word' id='word_1_536' title='bbox 1352 4321 1397 4382; x_wconf 85' lang='lat'>17,</span> <span class='ocrx_word' id='word_1_537' title='bbox 1424 4325 1454 4370; x_wconf 89' lang='lat' dir='ltr'>et</span> 
     </span>
     <span class='ocr_line' id='line_1_51' title="bbox 206 4385 1453 4458; baseline -0.001 -20"><span class='ocrx_word' id='word_1_538' title='bbox 206 4395 345 4439; x_wconf 85' lang='lat' dir='ltr'>senserunt</span> <span class='ocrx_word' id='word_1_539' title='bbox 375 4387 426 4439; x_wconf 90' lang='lat' dir='ltr'>hoc</span> <span class='ocrx_word' id='word_1_540' title='bbox 453 4386 557 4458; x_wconf 85' lang='lat' dir='ltr'>antiqui</span> <span class='ocrx_word' id='word_1_541' title='bbox 581 4387 699 4440; x_wconf 83' lang='lat' dir='ltr'>codicum</span> <span class='ocrx_word' id='word_1_542' title='bbox 724 4403 812 4439; x_wconf 81' lang='lat' dir='ltr'>corre·</span> <span class='ocrx_word' id='word_1_543' title='bbox 848 4385 969 4440; x_wconf 83' lang='lat' dir='ltr'>Curtium</span> <span class='ocrx_word' id='word_1_544' title='bbox 997 4403 1077 4438; x_wconf 89' lang='lat' dir='ltr'>unum</span> <span class='ocrx_word' id='word_1_545' title='bbox 1104 4386 1137 4437; x_wconf 88' lang='lat' dir='ltr'>de</span> <span class='ocrx_word' id='word_1_546' title='bbox 1161 4385 1248 4438; x_wconf 86' lang='lat' dir='ltr'>multis</span> <span class='ocrx_word' id='word_1_547' title='bbox 1278 4402 1364 4436; x_wconf 87' lang='lat' dir='ltr'>rorum</span> <span class='ocrx_word' id='word_1_548' title='bbox 1390 4385 1453 4439; x_wconf 85' lang='lat' dir='ltr'>sori-</span> 
     </span>
     <span class='ocr_line' id='line_1_52' title="bbox 206 4453 1453 4526; baseline -0.002 -18"><span class='ocrx_word' id='word_1_549' title='bbox 206 4461 293 4508; x_wconf 79' lang='lat' dir='ltr'>crore·</span> <span class='ocrx_word' id='word_1_550' title='bbox 324 4463 353 4508; x_wconf 86' lang='lat' dir='ltr'>ct</span> <span class='ocrx_word' id='word_1_551' title='bbox 387 4455 551 4525; x_wconf 86' lang='lat' dir='ltr'>scripserunt</span> <span class='ocrx_word' id='word_1_552' title='bbox 586 4457 658 4510; x_wconf 80' lang='lat' dir='ltr'>ducti</span> <span class='ocrx_word' id='word_1_553' title='bbox 684 4456 812 4509; x_wconf 75' lang='lat' dir='ltr'>exercitus</span> <span class='ocrx_word' id='word_1_554' title='bbox 847 4455 966 4526; x_wconf 86' lang='lat' dir='ltr'>ptoribus</span> <span class='ocrx_word' id='word_1_555' title='bbox 975 4453 1062 4524; x_wconf 84' lang='lat' dir='ltr'>cogita</span> <span class='ocrx_word' id='word_1_556' title='bbox 1079 4453 1126 4524; x_wconf 88' lang='lat' dir='ltr'>qui</span> <span class='ocrx_word' id='word_1_557' title='bbox 1139 4453 1192 4507; x_wconf 90' lang='lat' dir='ltr'>illic</span> <span class='ocrx_word' id='word_1_558' title='bbox 1205 4453 1453 4524; x_wconf 85' lang='lat' dir='ltr'>reprehenduntur.)</span> 
     </span>
    </p>
   </div>
   <div class='ocr_carea' id='block_1_4' title="bbox 0 0 1691 5066">
    <p class='ocr_par' dir='ltr' id='par_1_8' title="bbox 0 0 1691 5066">
     <span class='ocr_line' id='line_1_53' title="bbox 0 0 1691 5066; baseline 0 0"><span class='ocrx_word' id='word_1_559' title='bbox 0 0 1691 5066; x_wconf 95' lang='lat' dir='ltr'> </span> 
     </span>
    </p>
   </div>
  </div>
 </body>
</html>
