3258 5120
537 379 587 430 nn
615 378 741 434 enarre
768 381 877 434 Atax.
905 381 941 452 x,
968 380 1010 429 ra.
1317 359 1388 432 517

115 551 339 664 ὀκρὶεωτα
370 587 409 635 se
441 563 616 661 sanguine
641 568 798 657 illorum,
835 568 895 663 qui
928 565 1185 638 affectaverant
1221 565 1307 638 nihil
1344 564 1391 639 ad

20 726 21 733 κ
49 699 93 746 15
119 679 248 774 ipsos
280 676 463 774 pertinens
489 699 650 774 regnum.
702 674 744 747 In
771 675 897 748 eadem
925 675 1033 747 domo
1058 675 1258 771 familiaque
1285 679 1391 774 impe-

20 811 25 858 t
122 788 177 858 rii
213 789 314 860 vires
341 811 569 860 remansuras
589 810 667 860 esse
685 786 909 885 gaudebant3
937 783 1190 860 hereditarium
1207 785 1392 882 imperium

19 925 24 970 r
123 900 298 996 stirpem
330 898 465 994 regiam
492 895 776 984 vindicaturam3
819 909 982 971 assuetos
1009 921 1087 969 esse
1120 920 1249 969 nomen
1274 896 1391 993 ipsum

19 1039 24 1084 i
128 1010 269 1082 colere
297 1009 550 1104 venerarique,
590 1032 656 1082 nec
683 1033 899 1106 quemquam
934 1007 971 1080 id
1004 1031 1149 1104 capere,
1188 1006 1255 1080 nisi
1294 1007 1389 1106 geni·

19 1153 24 1199 r
127 1129 224 1192 tum
262 1129 304 1193 ut
328 1127 506 1217 regnaret.

19 1269 24 1314 ,
69 1249 108 1298 ra
254 1229 369 1328 lgit-ur
400 1225 574 1301 Perdicca
606 1229 768 1320 territus,
802 1230 991 1319 conclave,
1023 1229 1060 1301 in
1093 1254 1163 1326 quo
1195 1227 1443 1302 Alexandriae

20 1387 23 1430 ,
132 1365 280 1440 corpus
307 1337 465 1427 iacebat,
499 1337 659 1413 obserari
690 1340 799 1414 iubet.
854 1337 1022 1414 Sexcenti
1055 1363 1136 1411 cum
1167 1340 1244 1437 ipso
1278 1348 1391 1429 erant,

19 1510 21 1542 ,
136 1462 334 1552 spectatae
352 1449 513 1522 virtutis:
540 1449 767 1524 Ptolemaeus
784 1475 925 1547 quoque
952 1475 991 1524 se
1009 1443 1223 1523 adiunxerat
1242 1450 1283 1541 ei,
1308 1475 1393 1550 pue·
1440 1525 1443 1530 .

20 1609 24 1654 ,
80 1584 115 1630 ιτ
136 1584 344 1658 rerumque
369 1560 469 1658 regia
495 1560 635 1634 cohors.
676 1557 844 1633 Ceterum
865 1560 962 1634 haud
988 1560 1177 1634 difficulter
1203 1585 1225 1634 a
1249 1569 1305 1636 tot
1329 1562 1392 1634 mi·

19 1723 23 1766 ,
139 1675 244 1747 libus
283 1681 504 1746 armatorum
536 1672 694 1744 claustra
725 1673 905 1768 perfracta
936 1682 1029 1746 sunt
1082 1669 1130 1744 Et
1154 1695 1220 1745 rex
1251 1699 1392 1770 quoque

141 1785 330 1881 irruperat
355 1783 510 1880 stipatus
537 1781 731 1855 satellitum
758 1784 881 1875 turba,
913 1808 1066 1881 quorum
1097 1783 1260 1882 princeps
1286 1783 1391 1858 Mele-

19 1965 20 1972 ,
89 1914 125 1963 ra
145 1919 249 1994 ager.
302 1893 493 1990 Iratusque
519 1891 692 1966 Perdicca
717 1892 800 1984 hos,
827 1895 888 1991 qui
915 1893 1113 1968 Alexandri
1145 1905 1283 1993 corpus'
1299 1897 1392 1968 tueri

145 2006 302 2096 vellent,
338 2013 503 2078 sevocat:
539 2001 604 2077 sed
631 2003 691 2100 qui
716 2003 922 2102 irruperant
946 2005 1084 2078 eminus
1116 2004 1189 2076 tela
1213 2005 1248 2078 in
1274 2005 1391 2104 ipsum

146 2115 338 2189 iaciebant
396 2113 591 2211 Multisque
622 2115 836 2205 vulneratis,
867 2113 1016 2188 tandem
1047 2115 1204 2188 seniores
1238 2114 1391 2214 demptis

149 2227 274 2324 galeis,
301 2250 372 2323 quo
398 2226 536 2328 facilius
561 2225 661 2298 nosci
687 2238 846 2323 possent,
872 2226 1011 2324 precari
1037 2227 1097 2323 qui
1123 2249 1205 2298 curn
1220 2226 1391 2302 Perdicca
1431 2265 1435 2270 ·
1503 2247 1511 2306 ἴ

81 2346 85 2354 ’
151 2347 258 2410 erant
284 2343 450 2435 coepere,
478 2345 520 2409 ut
545 2336 761 2409 absisterent
786 2336 892 2428 bello,
918 2337 1064 2436 regique
1089 2345 1127 2410 et
1152 2337 1311 2435 pluribus
1337 2363 1391 2412 ce·

20 2479 23 2512 a
102 2467 135 2518 ra
153 2447 297 2524 derent'
351 2447 494 2522 Primus
526 2445 698 2522 Perdicca
729 2471 830 2520 arma
864 2441 1065 2545 deposuit;'
1089 2448 1267 2545 ceterique
1298 2447 1393 2524 idern

154 2559 279 2634 fecere.
331 2558 514 2658 Meleagro
541 2556 670 2631 deinde
697 2557 881 2648 suadente,
907 2582 954 2630 ne
980 2583 1002 2632 a
1028 2583 1177 2657 corpore
1197 2559 1393 2634 Alexandri

156 2669 390 2762 discederent,
416 2668 553 2744 insidiis
578 2669 697 2742 locum
724 2669 847 2766 quaeri
872 2669 952 2760 rati,
978 2668 1122 2742 diversa
1147 2670 1265 2769 regiae
1290 2681 1393 2768 parte

108 2801 141 2851 ro
159 2782 205 2858 ad
229 2782 438 2883 Euphraten
465 2783 589 2880 fugam
614 2777 816 2854 intendunt
867 2775 1069 2877 Equitatus,
1095 2781 1156 2878 qui
1181 2805 1227 2855 ex
1252 2781 1394 2855 nobilis·

159 2895 252 2967 simis
270 2896 442 2968 iuvenum
462 2891 662 2982 constabat,
688 2889 897 2963 Perdiccam
923 2900 961 2963 et
976 2891 1197 2966 Leonnatum
1225 2892 1390 2989 frequens

160 3005 385 3102 sequebatur3
412 3003 650 3102 placebatque
676 3001 853 3078 excedere
878 3001 978 3094 urbe,
1003 3013 1042 3076 et
1066 3001 1214 3095 tendere
1238 3003 1275 3076 in
1302 3028 1393 3078 cam·
1419 3039 1421 3046 v

21 3167 24 3197 ,
113 3135 142 3182 21
161 3114 221 3214 pis.
272 3112 345 3190 Sed
370 3112 544 3188 Perdicca
568 3138 615 3187 ne
641 3111 780 3211 pedites
813 3110 957 3209 quidem
982 3123 1168 3188 secuturos
1194 3113 1309 3212 ipsum
1335 3115 1394 3189 de·

162 3226 338 3324 sperabat:
370 3225 492 3324 itaque
524 3250 570 3298 ne
597 3221 811 3297 abducendo
843 3224 981 3321 equites
1008 3225 1194 3322 abrupisse
1226 3235 1392 3300 aoetero

163 3337 314 3410 exercitu
341 3335 544 3427 videretur,
570 3337 608 3410 in
635 3335 723 3409 urbe
750 3333 923 3408 subsistit

195 3595 255 3667 cap.
274 3602 317 3664 24,
336 3599 414 3662 tlt.
441 3596 562 3650 obserari
578 3596 658 3665 iubet]
685 3593 759 3650 Editi
794 3611 876 3648 unum
893 3611 998 3664 omnes,
1016 3593 1082 3648 editi
1098 3601 1205 3667 praeter
1220 3595 1295 3651 Med.
1313 3597 1393 3651 abeli·

166 3667 303 3732 maruan,
329 3663 420 3736 scripti
438 3665 586 3732 observari,
614 3673 756 3746 utrumque
792 3674 890 3718 nerent

166 3733 366 3806 parum-Latine
406 3731 503 3806 Itaque
520 3733 646 3787 Palmerii
671 3749 758 3787 conre-
827 3735 851 3802 5.
868 3739 911 3787 20.
946 3733 1049 3786 tandm
1070 3734 1098 3784 ἐπ
1125 3734 1235 3804 campie]
1274 3731 1319 3787 Sic
1336 3733 1393 3804 ple·

167 3810 256 3856 aarum
295 3819 374 3872 quam
396 3800 461 3854 item
483 3801 590 3856 Medius
612 3809 757 3874 receperat,
792 3800 868 3874 rique
889 3817 970 3870 mea,
996 3800 1124 3854 editiones
1150 3800 1205 3854 sere
1231 3803 1259 3854 in
1281 3819 1394 3872 campos,

168 3841 506 3942 probariqaoniamsspaulo
563 3873 758 3925 tclouatrorum
793 3870 866 3992 quod
882 3877 911 3924 et
928 3869 1064 3923 inventum
1082 3877 1124 3922 ert
1139 3868 1167 3922 in
1184 3869 1257 3922 Lcid.
1274 3869 1392 3924 Beroe

169 3937 254 3993 mentio
272 3939 315 4006 fit,
339 3937 412 3991 nullu
429 3939 509 3992 defen
528 3938 630 3992 entium
647 3937 693 4010 qui
711 3956 758 4010 pro
817 3938 865 3991 lor.
883 3935 945 3992 GH.
985 3937 1038 3992 Sed
1064 3937 1229 4009 perspicuum
1254 3946 1295 3992 eet
1319 3937 1395 3994 unice

169 4007 253 4062 foribus
269 4014 379 4062 sterent
498 4077 504 4088 Ι
737 4075 740 4080 ,
793 4023 885 4061 veram
902 4023 959 4060 ease
976 4024 1036 4059 mer.
1054 4005 1206 4088 lectionem,
1225 4024 1284 4060 narn
1301 4008 1334 4061 de
1351 4007 1395 4062 iti·

170 4081 537 4224 tdditii'vuigboreibtfb‘dc
570 4075 758 4217 qtrpplpppqp
793 4075 1238 4224 berdltburiei'eibbudgiidcdidiie'
1256 4084 1395 4224 ppatquam

171 4213 203 4267 hir
224 4211 436 4285 explicationibus
462 4211 564 4280 omitti,
590 4219 619 4266 et
644 4214 758 4267 abesto
827 4220 849 4281 5.
867 4219 909 4266 tl.
944 4214 973 4265 in
998 4213 1061 4266 urbe
1086 4213 1212 4280 substent]
1251 4209 1295 4265 Sic
1316 4227 1394 4284 pras-

171 4301 220 4336 mss.
242 4281 337 4335 nostris
381 4279 470 4334 uidem
496 4281 619 4335 omnibus
645 4291 673 4335 et
691 4281 757 4335 Sne·
792 4282 861 4336 senti
879 4291 1000 4354 ternpore
1017 4279 1158 4333 ediderunt
1175 4287 1277 4333 veteres
1293 4297 1394 4354 noeque

172 4350 293 4421 lenburgii
308 4299 383 4403 Ieid.
401 4350 479 4405 Voss.
490 4355 515 4404 2.
552 4349 756 4423 (mergitare
790 4349 957 4423 repperimus
974 4348 1310 4430 inmasnoetriroprnibue
1337 4365 1394 4404 rae-

173 4423 234 4474 Voaa.
251 4427 274 4486 1,
292 4437 315 4471 ar
332 4419 440 4488 credere
459 4418 571 4543 libetqc
791 4427 834 4473 ter
851 4418 922 4474 Flor.
942 4417 988 4473 Cl.
1028 4417 1245 4490 Snalrenburgrue
1270 4367 1336 4470 nrhd
1359 4417 1393 4472 dc

201 4493 220 4557 ς.
236 4495 271 4543 18.
307 4497 336 4542 ue
360 4488 515 4543 ebriarenm
572 4489 607 4543 llo
633 4503 695 4542 mae.
721 4487 755 4542 ad
790 4487 844 4542 ruia
861 4485 1207 4558 librir,f0rtmeoh1itus‚
1225 4485 1334 4542 noterit.
