<?xml version="1.0" encoding="UTF-8"?>
<!DOCTYPE html PUBLIC "-//W3C//DTD XHTML 1.0 Transitional//EN"
    "http://www.w3.org/TR/xhtml1/DTD/xhtml1-transitional.dtd">
<html xmlns="http://www.w3.org/1999/xhtml" xml:lang="en" lang="en">
 <head>
  <title>
</title>
<meta http-equiv="Content-Type" content="text/html;charset=utf-8" />
  <meta name='ocr-system' content='tesseract 3.04.00' />
  <meta name='ocr-capabilities' content='ocr_page ocr_carea ocr_par ocr_line ocrx_word'/>
</head>
<body>
  <div class='ocr_page' id='page_1' title='image "./qcurtiirufidege03rufugoog_0405.png"; bbox 0 0 3330 5050; ppageno 0'>
   <div class='ocr_carea' id='block_1_1' title="bbox 162 199 937 278">
    <p class='ocr_par' dir='ltr' id='par_1_1' title="bbox 162 199 937 278">
     <span class='ocr_line' id='line_1_1' title="bbox 162 199 937 278; baseline -0.006 -5"><span class='ocrx_word' id='word_1_1' title='bbox 162 199 236 274; x_wconf 82' lang='grc'>378</span> <span class='ocrx_word' id='word_1_2' title='bbox 649 215 683 278; x_wconf 86' lang='lat' dir='ltr'>o.</span> <span class='ocrx_word' id='word_1_3' title='bbox 702 214 827 268; x_wconf 84' lang='lat' dir='ltr'>ounrn</span> <span class='ocrx_word' id='word_1_4' title='bbox 850 217 937 270; x_wconf 81' lang='lat' dir='ltr'>nort</span> 
     </span>
    </p>
   </div>
   <div class='ocr_carea' id='block_1_2' title="bbox 120 395 1466 2271">
    <p class='ocr_par' dir='ltr' id='par_1_2' title="bbox 162 395 1466 1714">
     <span class='ocr_line' id='line_1_2' title="bbox 162 395 1461 500; baseline -0.002 -26"><span class='ocrx_word' id='word_1_5' title='bbox 162 399 272 474; x_wconf 92' lang='lat' dir='ltr'>monii</span> <span class='ocrx_word' id='word_1_6' title='bbox 298 397 374 471; x_wconf 92' lang='lat' dir='ltr'>iure</span> <span class='ocrx_word' id='word_1_7' title='bbox 399 395 490 470; x_wconf 86' lang='lat' dir='ltr'>velle</span> <span class='ocrx_word' id='word_1_8' title='bbox 517 397 624 498; x_wconf 83' lang='lat' dir='ltr'>iungi.</span> <span class='ocrx_word' id='word_1_9' title='bbox 676 397 862 500; x_wconf 86' lang='lat' dir='ltr'>Insperato</span> <span class='ocrx_word' id='word_1_10' title='bbox 894 400 1028 500; x_wconf 87' lang='lat' dir='ltr'>gaudio</span> <span class='ocrx_word' id='word_1_11' title='bbox 1057 401 1175 474; x_wconf 82' lang='lat' dir='ltr'>laetus</span> <span class='ocrx_word' id='word_1_12' title='bbox 1201 413 1308 499; x_wconf 87' lang='lat' dir='ltr'>pater</span> <span class='ocrx_word' id='word_1_13' title='bbox 1334 425 1408 474; x_wconf 85' lang='lat' dir='ltr'>eer-</span> <span class='ocrx_word' id='word_1_14' title='bbox 1426 417 1461 466; x_wconf 77' lang='lat' dir='ltr'>tt</span> 
     </span>
     <span class='ocr_line' id='line_1_3' title="bbox 163 505 1409 607; baseline 0.002 -25"><span class='ocrx_word' id='word_1_15' title='bbox 163 533 306 582; x_wconf 89' lang='lat' dir='ltr'>monem</span> <span class='ocrx_word' id='word_1_16' title='bbox 343 505 418 580; x_wconf 85' lang='lat' dir='ltr'>eius</span> <span class='ocrx_word' id='word_1_17' title='bbox 457 509 605 606; x_wconf 87' lang='lat' dir='ltr'>excipit:</span> <span class='ocrx_word' id='word_1_18' title='bbox 640 522 678 585; x_wconf 87' lang='lat' dir='ltr'>ct</span> <span class='ocrx_word' id='word_1_19' title='bbox 709 537 774 586; x_wconf 90' lang='lat' dir='ltr'>rex</span> <span class='ocrx_word' id='word_1_20' title='bbox 808 514 844 586; x_wconf 93' lang='lat' dir='ltr'>in</span> <span class='ocrx_word' id='word_1_21' title='bbox 876 511 995 584; x_wconf 88' lang='lat' dir='ltr'>medio</span> <span class='ocrx_word' id='word_1_22' title='bbox 1032 509 1240 607; x_wconf 74' lang='lat' dir='ltr'>cupiditatis</span> <span class='ocrx_word' id='word_1_23' title='bbox 1276 511 1409 584; x_wconf 86' lang='lat' dir='ltr'>ardore</span> 
     </span>
     <span class='ocr_line' id='line_1_4' title="bbox 163 617 1409 720; baseline 0.003 -30"><span class='ocrx_word' id='word_1_24' title='bbox 163 617 266 692; x_wconf 87' lang='lat' dir='ltr'>iaesit</span> <span class='ocrx_word' id='word_1_25' title='bbox 293 617 410 692; x_wconf 84' lang='lat' dir='ltr'>afferri</span> <span class='ocrx_word' id='word_1_26' title='bbox 437 621 552 718; x_wconf 88' lang='lat' dir='ltr'>patrio</span> <span class='ocrx_word' id='word_1_27' title='bbox 584 647 682 696; x_wconf 91' lang='lat' dir='ltr'>more</span> <span class='ocrx_word' id='word_1_28' title='bbox 714 647 853 720; x_wconf 86' lang='lat' dir='ltr'>panem.</span> <span class='ocrx_word' id='word_1_29' title='bbox 905 619 986 692; x_wconf 90' lang='lat' dir='ltr'>Hoc</span> <span class='ocrx_word' id='word_1_30' title='bbox 1012 629 1091 691; x_wconf 86' lang='lat' dir='ltr'>crat</span> <span class='ocrx_word' id='word_1_31' title='bbox 1117 619 1215 717; x_wconf 87' lang='lat' dir='ltr'>apud</span> <span class='ocrx_word' id='word_1_32' title='bbox 1242 619 1409 694; x_wconf 87' lang='lat' dir='ltr'>Macedo·</span> 
     </span>
     <span class='ocr_line' id='line_1_5' title="bbox 163 729 1408 828; baseline -0.002 -26"><span class='ocrx_word' id='word_1_33' title='bbox 163 753 228 802; x_wconf 84' lang='lat' dir='ltr'>nee</span> <span class='ocrx_word' id='word_1_34' title='bbox 255 729 516 804; x_wconf 85' lang='lat' dir='ltr'>eatretieaimum</span> <span class='ocrx_word' id='word_1_35' title='bbox 542 733 743 804; x_wconf 77' lang='lat' dir='ltr'>coeuntium</span> <span class='ocrx_word' id='word_1_36' title='bbox 770 733 918 828; x_wconf 84' lang='lat' dir='ltr'>pignus,</span> <span class='ocrx_word' id='word_1_37' title='bbox 954 753 1060 825; x_wconf 92' lang='lat' dir='ltr'>quern</span> <span class='ocrx_word' id='word_1_38' title='bbox 1095 729 1252 801; x_wconf 82' lang='lat' dir='ltr'>divisum</span> <span class='ocrx_word' id='word_1_39' title='bbox 1284 729 1408 828; x_wconf 84' lang='lat' dir='ltr'>gladio</span> 
     </span>
     <span class='ocr_line' id='line_1_6' title="bbox 164 839 1466 938; baseline 0 -25"><span class='ocrx_word' id='word_1_40' title='bbox 164 849 314 938; x_wconf 88' lang='lat' dir='ltr'>uterque</span> <span class='ocrx_word' id='word_1_41' title='bbox 341 842 484 916; x_wconf 77' lang='lat' dir='ltr'>libabat.</span> <span class='ocrx_word' id='word_1_42' title='bbox 537 840 653 914; x_wconf 84' lang='lat' dir='ltr'>Credo</span> <span class='ocrx_word' id='word_1_43' title='bbox 680 865 752 928; x_wconf 80' lang='lat' dir='ltr'>eoa,</span> <span class='ocrx_word' id='word_1_44' title='bbox 778 841 838 934; x_wconf 91' lang='lat' dir='ltr'>qui</span> <span class='ocrx_word' id='word_1_45' title='bbox 864 841 981 937; x_wconf 85' lang='lat' dir='ltr'>gentis</span> <span class='ocrx_word' id='word_1_46' title='bbox 1008 866 1127 914; x_wconf 86' lang='lat' dir='ltr'>mores</span> <span class='ocrx_word' id='word_1_47' title='bbox 1154 839 1407 930; x_wconf 82' lang='lat' dir='ltr'>condiderunt,</span> <span class='ocrx_word' id='word_1_48' title='bbox 1427 859 1466 906; x_wconf 84' lang='lat'>28</span> 
     </span>
     <span class='ocr_line' id='line_1_7' title="bbox 163 949 1409 1052; baseline 0.002 -28"><span class='ocrx_word' id='word_1_49' title='bbox 163 975 272 1050; x_wconf 87' lang='lat' dir='ltr'>parco</span> <span class='ocrx_word' id='word_1_50' title='bbox 300 963 337 1026; x_wconf 89' lang='lat' dir='ltr'>et</span> <span class='ocrx_word' id='word_1_51' title='bbox 362 951 510 1052; x_wconf 77' lang='lat' dir='ltr'>parabili</span> <span class='ocrx_word' id='word_1_52' title='bbox 536 951 633 1024; x_wconf 87' lang='lat' dir='ltr'>victu</span> <span class='ocrx_word' id='word_1_53' title='bbox 659 949 847 1024; x_wconf 81' lang='lat' dir='ltr'>ostendere</span> <span class='ocrx_word' id='word_1_54' title='bbox 874 953 1031 1027; x_wconf 85' lang='lat' dir='ltr'>voluisse</span> <span class='ocrx_word' id='word_1_55' title='bbox 1053 952 1286 1050; x_wconf 82' lang='lat' dir='ltr'>iungentibus</span> <span class='ocrx_word' id='word_1_56' title='bbox 1309 977 1409 1050; x_wconf 86' lang='lat' dir='ltr'>opes,</span> 
     </span>
     <span class='ocr_line' id='line_1_8' title="bbox 165 1060 1466 1158; baseline -0.005 -24"><span class='ocrx_word' id='word_1_57' title='bbox 165 1063 337 1158; x_wconf 89' lang='lat' dir='ltr'>quantulo</span> <span class='ocrx_word' id='word_1_58' title='bbox 363 1061 521 1134; x_wconf 88' lang='lat' dir='ltr'>contenti</span> <span class='ocrx_word' id='word_1_59' title='bbox 546 1085 626 1133; x_wconf 82' lang='lat' dir='ltr'>esse</span> <span class='ocrx_word' id='word_1_60' title='bbox 651 1060 833 1136; x_wconf 81' lang='lat' dir='ltr'>deberent</span> <span class='ocrx_word' id='word_1_61' title='bbox 884 1063 965 1137; x_wconf 91' lang='lat' dir='ltr'>Hoc</span> <span class='ocrx_word' id='word_1_62' title='bbox 997 1065 1106 1138; x_wconf 90' lang='lat' dir='ltr'>modo</span> <span class='ocrx_word' id='word_1_63' title='bbox 1139 1087 1207 1134; x_wconf 88' lang='lat' dir='ltr'>rex</span> <span class='ocrx_word' id='word_1_64' title='bbox 1233 1063 1344 1135; x_wconf 84' lang='lat' dir='ltr'>Asiae</span> <span class='ocrx_word' id='word_1_65' title='bbox 1371 1075 1410 1136; x_wconf 86' lang='lat' dir='ltr'>et</span> <span class='ocrx_word' id='word_1_66' title='bbox 1428 1081 1466 1128; x_wconf 76' lang='lat' dir='ltr'>aa</span> 
     </span>
     <span class='ocr_line' id='line_1_9' title="bbox 165 1170 1410 1269; baseline -0.002 -24"><span class='ocrx_word' id='word_1_67' title='bbox 165 1170 331 1269; x_wconf 83' lang='lat' dir='ltr'>Europae</span> <span class='ocrx_word' id='word_1_68' title='bbox 371 1171 609 1244; x_wconf 77' lang='lat' dir='ltr'>introductam</span> <span class='ocrx_word' id='word_1_69' title='bbox 648 1173 739 1246; x_wconf 89' lang='lat' dir='ltr'>inter</span> <span class='ocrx_word' id='word_1_70' title='bbox 782 1177 988 1248; x_wconf 88' lang='lat' dir='ltr'>convivales</span> <span class='ocrx_word' id='word_1_71' title='bbox 1027 1173 1133 1246; x_wconf 85' lang='lat' dir='ltr'>ludos</span> <span class='ocrx_word' id='word_1_72' title='bbox 1178 1172 1410 1244; x_wconf 86' lang='lat' dir='ltr'>matrimonio</span> 
     </span>
     <span class='ocr_line' id='line_1_10' title="bbox 166 1281 1409 1383; baseline -0.003 -27"><span class='ocrx_word' id='word_1_73' title='bbox 166 1281 234 1356; x_wconf 85' lang='lat' dir='ltr'>eibi</span> <span class='ocrx_word' id='word_1_74' title='bbox 259 1281 432 1372; x_wconf 90' lang='lat' dir='ltr'>adiunxit,</span> <span class='ocrx_word' id='word_1_75' title='bbox 459 1306 479 1356; x_wconf 90' lang='lat' dir='ltr'>e</span> <span class='ocrx_word' id='word_1_76' title='bbox 505 1283 647 1383; x_wconf 86' lang='lat' dir='ltr'>captiva</span> <span class='ocrx_word' id='word_1_77' title='bbox 671 1286 867 1382; x_wconf 86' lang='lat' dir='ltr'>geniturus,</span> <span class='ocrx_word' id='word_1_78' title='bbox 893 1288 954 1382; x_wconf 92' lang='lat' dir='ltr'>qui</span> <span class='ocrx_word' id='word_1_79' title='bbox 979 1284 1176 1358; x_wconf 82' lang='lat' dir='ltr'>victoribus</span> <span class='ocrx_word' id='word_1_80' title='bbox 1202 1283 1409 1380; x_wconf 77' lang='lat' dir='ltr'>imperaret</span> 
     </span>
     <span class='ocr_line' id='line_1_11' title="bbox 165 1390 1466 1493; baseline -0.005 -27"><span class='ocrx_word' id='word_1_81' title='bbox 165 1390 332 1467; x_wconf 86' lang='lat' dir='ltr'>Pudebat</span> <span class='ocrx_word' id='word_1_82' title='bbox 356 1393 499 1486; x_wconf 87' lang='lat' dir='ltr'>amicos,</span> <span class='ocrx_word' id='word_1_83' title='bbox 526 1418 633 1492; x_wconf 78' lang='lat' dir='ltr'>super</span> <span class='ocrx_word' id='word_1_84' title='bbox 660 1395 781 1468; x_wconf 89' lang='lat' dir='ltr'>vinum</span> <span class='ocrx_word' id='word_1_85' title='bbox 801 1408 840 1469; x_wconf 88' lang='lat' dir='ltr'>et</span> <span class='ocrx_word' id='word_1_86' title='bbox 859 1397 984 1493; x_wconf 81' lang='lat' dir='ltr'>epulas</span> <span class='ocrx_word' id='word_1_87' title='bbox 1010 1419 1174 1468; x_wconf 85' lang='lat' dir='ltr'>socerum</span> <span class='ocrx_word' id='word_1_88' title='bbox 1201 1417 1249 1466; x_wconf 88' lang='lat' dir='ltr'>ex</span> <span class='ocrx_word' id='word_1_89' title='bbox 1276 1392 1466 1468; x_wconf 77' lang='lat' dir='ltr'>deditium</span> 
     </span>
     <span class='ocr_line' id='line_1_12' title="bbox 166 1503 1409 1604; baseline 0 -26"><span class='ocrx_word' id='word_1_90' title='bbox 166 1527 245 1578; x_wconf 79' lang='lat' dir='ltr'>cene</span> <span class='ocrx_word' id='word_1_91' title='bbox 263 1503 459 1578; x_wconf 85' lang='lat' dir='ltr'>delectum:</span> <span class='ocrx_word' id='word_1_92' title='bbox 486 1503 550 1580; x_wconf 86' lang='lat' dir='ltr'>sed</span> <span class='ocrx_word' id='word_1_93' title='bbox 568 1516 651 1604; x_wconf 85' lang='lat' dir='ltr'>post</span> <span class='ocrx_word' id='word_1_94' title='bbox 668 1503 748 1579; x_wconf 89' lang='lat' dir='ltr'>Cliti</span> <span class='ocrx_word' id='word_1_95' title='bbox 766 1505 911 1580; x_wconf 87' lang='lat' dir='ltr'>caedem</span> <span class='ocrx_word' id='word_1_96' title='bbox 928 1506 1094 1579; x_wconf 87' lang='lat' dir='ltr'>libertate</span> <span class='ocrx_word' id='word_1_97' title='bbox 1111 1505 1265 1596; x_wconf 80' lang='lat' dir='ltr'>sublata,</span> <span class='ocrx_word' id='word_1_98' title='bbox 1293 1505 1409 1594; x_wconf 73' lang='lat' dir='ltr'>varlar,</span> 
     </span>
     <span class='ocr_line' id='line_1_13' title="bbox 166 1615 874 1714; baseline 0 -24"><span class='ocrx_word' id='word_1_99' title='bbox 166 1615 228 1714; x_wconf 91' lang='lat' dir='ltr'>qui</span> <span class='ocrx_word' id='word_1_100' title='bbox 252 1615 407 1690; x_wconf 86' lang='lat' dir='ltr'>maxime</span> <span class='ocrx_word' id='word_1_101' title='bbox 433 1617 554 1706; x_wconf 69' lang='lat' dir='ltr'>servit,</span> <span class='ocrx_word' id='word_1_102' title='bbox 579 1617 874 1690; x_wconf 85' lang='lat' dir='ltr'>assentiebantur.</span> 
     </span>
    </p>

    <p class='ocr_par' dir='ltr' id='par_1_3' title="bbox 120 1721 1466 2271">
     <span class='ocr_line' id='line_1_14' title="bbox 120 1721 1466 1826; baseline 0.001 -28"><span class='ocrx_word' id='word_1_103' title='bbox 120 1727 166 1798; x_wconf 88' lang='grc'>17</span> <span class='ocrx_word' id='word_1_104' title='bbox 272 1721 439 1798; x_wconf 88' lang='lat' dir='ltr'>Ceterum</span> <span class='ocrx_word' id='word_1_105' title='bbox 463 1724 602 1800; x_wconf 89' lang='lat' dir='ltr'>Indiam</span> <span class='ocrx_word' id='word_1_106' title='bbox 628 1726 771 1802; x_wconf 81' lang='lat' dir='ltr'>atinde</span> <span class='ocrx_word' id='word_1_107' title='bbox 797 1726 982 1804; x_wconf 85' lang='lat' dir='ltr'>Oceanum</span> <span class='ocrx_word' id='word_1_108' title='bbox 1014 1729 1212 1826; x_wconf 72' lang='lat' dir='ltr'>petituram,</span> <span class='ocrx_word' id='word_1_109' title='bbox 1246 1750 1294 1800; x_wconf 89' lang='lat' dir='ltr'>ne</span> <span class='ocrx_word' id='word_1_110' title='bbox 1321 1724 1409 1824; x_wconf 92' lang='lat' dir='ltr'>quid</span> <span class='ocrx_word' id='word_1_111' title='bbox 1431 1745 1466 1793; x_wconf 81' lang='lat' dir='ltr'>v.</span> 
     </span>
     <span class='ocr_line' id='line_1_15' title="bbox 168 1835 1431 1938; baseline -0.005 -28"><span class='ocrx_word' id='word_1_112' title='bbox 168 1861 192 1910; x_wconf 85' lang='lat' dir='ltr'>a</span> <span class='ocrx_word' id='word_1_113' title='bbox 215 1845 337 1933; x_wconf 88' lang='lat' dir='ltr'>tergo,</span> <span class='ocrx_word' id='word_1_114' title='bbox 372 1835 470 1934; x_wconf 94' lang='lat' dir='ltr'>quod</span> <span class='ocrx_word' id='word_1_115' title='bbox 501 1837 678 1912; x_wconf 85' lang='lat' dir='ltr'>destinata</span> <span class='ocrx_word' id='word_1_116' title='bbox 708 1838 878 1938; x_wconf 89' lang='lat' dir='ltr'>impedire</span> <span class='ocrx_word' id='word_1_117' title='bbox 911 1848 1052 1938; x_wconf 86' lang='lat' dir='ltr'>posset,</span> <span class='ocrx_word' id='word_1_118' title='bbox 1091 1847 1333 1927; x_wconf 69' lang='lat' dir='ltr'>moveretur,v</span> <span class='ocrx_word' id='word_1_119' title='bbox 1360 1863 1431 1912; x_wconf 82' lang='lat' dir='ltr'>ex.</span> 
     </span>
     <span class='ocr_line' id='line_1_16' title="bbox 168 1947 1410 2047; baseline 0.002 -27"><span class='ocrx_word' id='word_1_120' title='bbox 168 1947 333 2021; x_wconf 81' lang='lat' dir='ltr'>omnibus</span> <span class='ocrx_word' id='word_1_121' title='bbox 359 1948 550 2046; x_wconf 83' lang='lat' dir='ltr'>provinciis</span> <span class='ocrx_word' id='word_1_122' title='bbox 576 1973 655 2022; x_wconf 92' lang='lat' dir='ltr'>xxx</span> <span class='ocrx_word' id='word_1_123' title='bbox 680 1951 775 2024; x_wconf 90' lang='lat' dir='ltr'>milia</span> <span class='ocrx_word' id='word_1_124' title='bbox 800 1951 979 2024; x_wconf 89' lang='lat' dir='ltr'>iuniorum</span> <span class='ocrx_word' id='word_1_125' title='bbox 1003 1949 1075 2047; x_wconf 84' lang='lat' dir='ltr'>legi</span> <span class='ocrx_word' id='word_1_126' title='bbox 1098 1947 1204 2024; x_wconf 85' lang='lat' dir='ltr'>iuaeit</span> <span class='ocrx_word' id='word_1_127' title='bbox 1229 1959 1268 2023; x_wconf 89' lang='lat' dir='ltr'>et</span> <span class='ocrx_word' id='word_1_128' title='bbox 1293 1949 1343 2022; x_wconf 87' lang='lat' dir='ltr'>ad</span> <span class='ocrx_word' id='word_1_129' title='bbox 1368 1973 1410 2022; x_wconf 87' lang='lat' dir='ltr'>ee</span> 
     </span>
     <span class='ocr_line' id='line_1_17' title="bbox 167 2058 1445 2158; baseline -0.002 -26"><span class='ocrx_word' id='word_1_130' title='bbox 167 2067 307 2134; x_wconf 86' lang='lat' dir='ltr'>anneta</span> <span class='ocrx_word' id='word_1_131' title='bbox 331 2058 488 2158; x_wconf 86' lang='lat' dir='ltr'>perduoi,</span> <span class='ocrx_word' id='word_1_132' title='bbox 519 2059 661 2136; x_wconf 73' lang='lat' dir='ltr'>obsides</span> <span class='ocrx_word' id='word_1_133' title='bbox 687 2063 791 2136; x_wconf 88' lang='lat' dir='ltr'>simul</span> <span class='ocrx_word' id='word_1_134' title='bbox 815 2062 1002 2136; x_wconf 83' lang='lat' dir='ltr'>habiturus</span> <span class='ocrx_word' id='word_1_135' title='bbox 1028 2073 1067 2135; x_wconf 87' lang='lat' dir='ltr'>et</span> <span class='ocrx_word' id='word_1_136' title='bbox 1089 2060 1232 2134; x_wconf 79' lang='lat' dir='ltr'>milites.</span> <span class='ocrx_word' id='word_1_137' title='bbox 1286 2059 1445 2135; x_wconf 81' lang='lat' dir='ltr'>Orate-e</span> 
     </span>
     <span class='ocr_line' id='line_1_18' title="bbox 168 2167 1411 2271; baseline 0.001 -27"><span class='ocrx_word' id='word_1_138' title='bbox 168 2193 250 2244; x_wconf 89' lang='lat' dir='ltr'>rum</span> <span class='ocrx_word' id='word_1_139' title='bbox 280 2179 402 2244; x_wconf 87' lang='lat' dir='ltr'>autem</span> <span class='ocrx_word' id='word_1_140' title='bbox 431 2170 479 2245; x_wconf 87' lang='lat' dir='ltr'>ad</span> <span class='ocrx_word' id='word_1_141' title='bbox 510 2172 773 2271; x_wconf 85' lang='lat' dir='ltr'>persequendos</span> <span class='ocrx_word' id='word_1_142' title='bbox 804 2172 1026 2248; x_wconf 85' lang='lat' dir='ltr'>Haustanem</span> <span class='ocrx_word' id='word_1_143' title='bbox 1058 2182 1096 2246; x_wconf 91' lang='lat' dir='ltr'>et</span> <span class='ocrx_word' id='word_1_144' title='bbox 1122 2167 1312 2263; x_wconf 83' lang='lat' dir='ltr'>Oatenem,</span> <span class='ocrx_word' id='word_1_145' title='bbox 1348 2172 1411 2270; x_wconf 91' lang='lat' dir='ltr'>qui</span> 
     </span>
    </p>
   </div>
   <div class='ocr_carea' id='block_1_3' title="bbox 169 2404 1411 2478">
    <p class='ocr_par' dir='ltr' id='par_1_4' title="bbox 169 2404 1411 2478">
     <span class='ocr_line' id='line_1_19' title="bbox 169 2404 1411 2478; baseline 0.003 -18"><span class='ocrx_word' id='word_1_146' title='bbox 169 2404 304 2472; x_wconf 74' lang='lat' dir='ltr'>Acidalio,</span> <span class='ocrx_word' id='word_1_147' title='bbox 331 2405 404 2460; x_wconf 79' lang='lat' dir='ltr'>utine</span> <span class='ocrx_word' id='word_1_148' title='bbox 421 2405 573 2462; x_wconf 82' lang='lat' dir='ltr'>coniectare</span> <span class='ocrx_word' id='word_1_149' title='bbox 587 2415 620 2462; x_wconf 88' lang='lat' dir='ltr'>nt</span> <span class='ocrx_word' id='word_1_150' title='bbox 640 2410 690 2463; x_wconf 77' lang='lat' dir='ltr'>rite</span> <span class='ocrx_word' id='word_1_151' title='bbox 706 2409 768 2464; x_wconf 81' lang='lat' dir='ltr'>ecri-</span> <span class='ocrx_word' id='word_1_152' title='bbox 855 2415 914 2464; x_wconf 83' lang='lat'><strong>.³0.</strong></span> <span class='ocrx_word' id='word_1_153' title='bbox 941 2425 997 2463; x_wconf 72' lang='lat' dir='ltr'>etse</span> <span class='ocrx_word' id='word_1_154' title='bbox 1015 2411 1149 2478; x_wconf 73' lang='lat' dir='ltr'>delectm]</span> <span class='ocrx_word' id='word_1_155' title='bbox 1176 2408 1223 2464; x_wconf 85' lang='lat' dir='ltr'>Sic</span> <span class='ocrx_word' id='word_1_156' title='bbox 1237 2424 1331 2464; x_wconf 72' lang='lat' dir='ltr'>omnen</span> <span class='ocrx_word' id='word_1_157' title='bbox 1347 2425 1411 2464; x_wconf 75' lang='lat' dir='ltr'>mee.</span> 
     </span>
    </p>
   </div>
   <div class='ocr_carea' id='block_1_4' title="bbox 168 2415 1402 2549">
    <p class='ocr_par' dir='ltr' id='par_1_5' title="bbox 168 2415 1402 2549">
     <span class='ocr_line' id='line_1_20' title="bbox 168 2415 1402 2549; baseline 0 -19"><span class='ocrx_word' id='word_1_158' title='bbox 168 2475 249 2530; x_wconf 78' lang='lat' dir='ltr'>betur</span> <span class='ocrx_word' id='word_1_159' title='bbox 265 2492 318 2528; x_wconf 91' lang='lat' dir='ltr'>non</span> <span class='ocrx_word' id='word_1_160' title='bbox 336 2474 457 2546; x_wconf 84' lang='lat' dir='ltr'>equidem</span> <span class='ocrx_word' id='word_1_161' title='bbox 475 2475 609 2547; x_wconf 69' lang='lat' dir='ltr'>displicet,</span> <span class='ocrx_word' id='word_1_162' title='bbox 631 2479 676 2530; x_wconf 78' lang='lat' dir='ltr'>ted</span> <span class='ocrx_word' id='word_1_163' title='bbox 693 2495 768 2548; x_wconf 79' lang='lat' dir='ltr'>pree-</span> <span class='ocrx_word' id='word_1_164' title='bbox 802 2415 854 2531; x_wconf 82' lang='lat' dir='ltr'>eed</span> <span class='ocrx_word' id='word_1_165' title='bbox 856 2477 978 2532; x_wconf 83' lang='lat' dir='ltr'>ediderat</span> <span class='ocrx_word' id='word_1_166' title='bbox 986 2497 1053 2534; x_wconf 76' lang='lat' dir='ltr'>unus</span> <span class='ocrx_word' id='word_1_167' title='bbox 1062 2478 1178 2546; x_wconf 80' lang='lat' dir='ltr'>Modica,</span> <span class='ocrx_word' id='word_1_168' title='bbox 1187 2476 1285 2549; x_wconf 83' lang='lat' dir='ltr'>reliqui</span> <span class='ocrx_word' id='word_1_169' title='bbox 1294 2479 1402 2531; x_wconf 83' lang='lat' dir='ltr'>electum</span> 
     </span>
    </p>
   </div>
   <div class='ocr_carea' id='block_1_5' title="bbox 72 2542 1417 4411">
    <p class='ocr_par' dir='ltr' id='par_1_6' title="bbox 72 2542 1417 4411">
     <span class='ocr_line' id='line_1_21' title="bbox 168 2542 1411 2626; baseline 0 -29"><span class='ocrx_word' id='word_1_170' title='bbox 168 2552 233 2626; x_wconf 64' lang='lat' dir='ltr'>etet,</span> <span class='ocrx_word' id='word_1_171' title='bbox 251 2542 356 2615; x_wconf 76' lang='lat' dir='ltr'>opinor,</span> <span class='ocrx_word' id='word_1_172' title='bbox 370 2545 558 2598; x_wconf 75' lang='lat' dir='ltr'>abundantiam</span> <span class='ocrx_word' id='word_1_173' title='bbox 567 2563 770 2618; x_wconf 72' lang='lat' dir='ltr'>agnoscereque</span> <span class='ocrx_word' id='word_1_174' title='bbox 838 2546 956 2618; x_wconf 78' lang='lat' dir='ltr'>Cep.17‚</span> <span class='ocrx_word' id='word_1_175' title='bbox 992 2555 1032 2602; x_wconf 80' lang='grc'>,2.</span> <span class='ocrx_word' id='word_1_176' title='bbox 1070 2549 1209 2602; x_wconf 77' lang='lat' dir='ltr'>Cratennn</span> <span class='ocrx_word' id='word_1_177' title='bbox 1227 2547 1326 2617; x_wconf 67' lang='lat' dir='ltr'>amm]</span> <span class='ocrx_word' id='word_1_178' title='bbox 1351 2546 1411 2598; x_wconf 83' lang='lat' dir='ltr'>Ab·</span> 
     </span>
     <span class='ocr_line' id='line_1_22' title="bbox 151 2611 1412 2685; baseline 0.002 -21"><span class='ocrx_word' id='word_1_179' title='bbox 151 2615 207 2666; x_wconf 85' lang='lat' dir='ltr'>.t&#39;ta</span> <span class='ocrx_word' id='word_1_180' title='bbox 224 2629 252 2668; x_wconf 84' lang='lat' dir='ltr'>m</span> <span class='ocrx_word' id='word_1_181' title='bbox 268 2611 378 2684; x_wconf 80' lang='lat' dir='ltr'>epodoei</span> <span class='ocrx_word' id='word_1_182' title='bbox 398 2621 513 2684; x_wconf 84' lang='lat' dir='ltr'>ponetur</span> <span class='ocrx_word' id='word_1_183' title='bbox 534 2632 583 2685; x_wconf 88' lang='lat' dir='ltr'>pro</span> <span class='ocrx_word' id='word_1_184' title='bbox 605 2631 638 2668; x_wconf 82' lang='lat' dir='ltr'>ea</span> <span class='ocrx_word' id='word_1_185' title='bbox 658 2615 768 2681; x_wconf 74' lang='lat' dir='ltr'>ratione,</span> <span class='ocrx_word' id='word_1_186' title='bbox 803 2623 845 2670; x_wconf 83' lang='lat' dir='ltr'>eet</span> <span class='ocrx_word' id='word_1_187' title='bbox 861 2627 979 2671; x_wconf 79' lang='lat' dir='ltr'>autema</span> <span class='ocrx_word' id='word_1_188' title='bbox 1015 2615 1077 2670; x_wconf 88' lang='lat' dir='ltr'>edit</span> <span class='ocrx_word' id='word_1_189' title='bbox 1114 2635 1135 2670; x_wconf 88' lang='lat' dir='ltr'>r.</span> <span class='ocrx_word' id='word_1_190' title='bbox 1151 2623 1182 2670; x_wconf 89' lang='lat' dir='ltr'>et</span> <span class='ocrx_word' id='word_1_191' title='bbox 1197 2613 1333 2670; x_wconf 71' lang='lat' dir='ltr'>codicibus</span> <span class='ocrx_word' id='word_1_192' title='bbox 1353 2613 1412 2684; x_wconf 87' lang='lat' dir='ltr'>ple·</span> 
     </span>
     <span class='ocr_line' id='line_1_23' title="bbox 168 2635 1408 2764; baseline 0.002 -28"><span class='ocrx_word' id='word_1_193' title='bbox 168 2680 283 2764; x_wconf 32' lang='lat' dir='ltr'>eemuob</span> <span class='ocrx_word' id='word_1_194' title='bbox 305 2697 376 2747; x_wconf 79' lang='lat' dir='ltr'>rem,</span> <span class='ocrx_word' id='word_1_195' title='bbox 403 2681 473 2764; x_wconf 80' lang='lat' dir='ltr'>qupd</span> <span class='ocrx_word' id='word_1_196' title='bbox 499 2681 526 2736; x_wconf 90' lang='lat' dir='ltr'>in</span> <span class='ocrx_word' id='word_1_197' title='bbox 550 2681 627 2755; x_wconf 84' lang='lat' dir='ltr'>plena</span> <span class='ocrx_word' id='word_1_198' title='bbox 651 2683 770 2764; x_wconf 77' lang='lat' dir='ltr'>emtione</span> <span class='ocrx_word' id='word_1_199' title='bbox 803 2683 898 2755; x_wconf 71' lang='lat' dir='ltr'>risque.</span> <span class='ocrx_word' id='word_1_200' title='bbox 915 2685 1021 2738; x_wconf 75' lang='lat' dir='ltr'>additur</span> <span class='ocrx_word' id='word_1_201' title='bbox 1038 2685 1072 2739; x_wconf 79' lang='lat' dir='ltr'>ab</span> <span class='ocrx_word' id='word_1_202' title='bbox 1090 2635 1170 2751; x_wconf 73' lang='lat' dir='ltr'>ltro,</span> <span class='ocrx_word' id='word_1_203' title='bbox 1193 2683 1282 2764; x_wconf 76' lang='lat' dir='ltr'>lunio,</span> <span class='ocrx_word' id='word_1_204' title='bbox 1303 2681 1408 2749; x_wconf 78' lang='lat' dir='ltr'>Medio,</span> 
     </span>
     <span class='ocr_line' id='line_1_24' title="bbox 169 2751 1407 2824; baseline -0.001 -20"><span class='ocrx_word' id='word_1_205' title='bbox 169 2757 212 2805; x_wconf 83' lang='lat' dir='ltr'>eet</span> <span class='ocrx_word' id='word_1_206' title='bbox 232 2758 326 2820; x_wconf 80' lang='lat' dir='ltr'>nuque.</span> <span class='ocrx_word' id='word_1_207' title='bbox 361 2755 413 2804; x_wconf 87' lang='lat' dir='ltr'>tttt</span> <span class='ocrx_word' id='word_1_208' title='bbox 451 2759 463 2804; x_wconf 91' lang='lat' dir='ltr'>t</span> <span class='ocrx_word' id='word_1_209' title='bbox 491 2767 549 2806; x_wconf 79' lang='lat' dir='ltr'>earn</span> <span class='ocrx_word' id='word_1_210' title='bbox 571 2769 626 2806; x_wconf 89' lang='lat' dir='ltr'>rem</span> <span class='ocrx_word' id='word_1_211' title='bbox 650 2751 770 2806; x_wconf 80' lang='lat' dir='ltr'>llandtut</span> <span class='ocrx_word' id='word_1_212' title='bbox 803 2754 945 2806; x_wconf 77' lang='lat' dir='ltr'>eemmdum</span> <span class='ocrx_word' id='word_1_213' title='bbox 960 2751 1132 2808; x_wconf 60' lang='lat' dir='ltr'>utaentur</span> <span class='ocrx_word' id='word_1_214' title='bbox 1148 2753 1319 2824; x_wconf 72' lang='lat' dir='ltr'>(quibuscum</span> <span class='ocrx_word' id='word_1_215' title='bbox 1327 2751 1407 2805; x_wconf 71' lang='lat' dir='ltr'>Patr</span> 
     </span>
     <span class='ocr_line' id='line_1_25' title="bbox 170 2817 1412 2893; baseline 0 -21"><span class='ocrx_word' id='word_1_216' title='bbox 170 2817 198 2872; x_wconf 90' lang='lat' dir='ltr'>in</span> <span class='ocrx_word' id='word_1_217' title='bbox 215 2817 365 2872; x_wconf 84' lang='lat' dir='ltr'>Tureellino</span> <span class='ocrx_word' id='word_1_218' title='bbox 382 2837 417 2873; x_wconf 81' lang='lat' dir='ltr'>vo</span> <span class='ocrx_word' id='word_1_219' title='bbox 429 2859 435 2872; x_wconf 91' lang='lat'><strong>.</strong></span> <span class='ocrx_word' id='word_1_220' title='bbox 449 2835 492 2887; x_wconf 79' lang='grc' dir='ltr'>ιιι,</span> <span class='ocrx_word' id='word_1_221' title='bbox 508 2838 534 2891; x_wconf 93' lang='lat' dir='ltr'>p.</span> <span class='ocrx_word' id='word_1_222' title='bbox 547 2826 607 2887; x_wconf 80' lang='lat' dir='ltr'>teo,</span> <span class='ocrx_word' id='word_1_223' title='bbox 625 2821 671 2874; x_wconf 79' lang='lat' dir='ltr'>aed</span> <span class='ocrx_word' id='word_1_224' title='bbox 688 2839 770 2874; x_wconf 86' lang='lat' dir='ltr'>unum</span> <span class='ocrx_word' id='word_1_225' title='bbox 804 2819 886 2890; x_wconf 81' lang='lat' dir='ltr'>iacit).</span> <span class='ocrx_word' id='word_1_226' title='bbox 920 2825 1017 2892; x_wconf 74' lang='lat' dir='ltr'>Itaque</span> <span class='ocrx_word' id='word_1_227' title='bbox 1039 2822 1066 2876; x_wconf 88' lang='lat' dir='ltr'>iu</span> <span class='ocrx_word' id='word_1_228' title='bbox 1088 2819 1176 2893; x_wconf 87' lang='lat' dir='ltr'>priore</span> <span class='ocrx_word' id='word_1_229' title='bbox 1192 2821 1258 2874; x_wconf 84' lang='lat' dir='ltr'>edit.</span> <span class='ocrx_word' id='word_1_230' title='bbox 1276 2839 1331 2876; x_wconf 89' lang='lat' dir='ltr'>non</span> <span class='ocrx_word' id='word_1_231' title='bbox 1353 2819 1412 2872; x_wconf 75' lang='lat' dir='ltr'>eine</span> 
     </span>
     <span class='ocr_line' id='line_1_26' title="bbox 72 2886 1411 2960; baseline 0.001 -20"><span class='ocrx_word' id='word_1_232' title='bbox 72 2935 75 2940; x_wconf 92' lang='lat'>.</span> <span class='ocrx_word' id='word_1_233' title='bbox 170 2893 276 2942; x_wconf 71' lang='lat' dir='ltr'>tantm</span> <span class='ocrx_word' id='word_1_234' title='bbox 298 2886 447 2959; x_wconf 83' lang='lat' dir='ltr'>exemplum</span> <span class='ocrx_word' id='word_1_235' title='bbox 472 2887 561 2960; x_wconf 84' lang='lat' dir='ltr'>poenit</span> <span class='ocrx_word' id='word_1_236' title='bbox 581 2889 671 2944; x_wconf 83' lang='lat' dir='ltr'>Ovidii</span> <span class='ocrx_word' id='word_1_237' title='bbox 688 2889 769 2944; x_wconf 81' lang='lat' dir='ltr'>Triet</span> <span class='ocrx_word' id='word_1_238' title='bbox 804 2889 1083 2956; x_wconf 68' lang='lat' dir='ltr'>rationenretalerem</span> <span class='ocrx_word' id='word_1_239' title='bbox 1100 2887 1411 2954; x_wconf 77' lang='lat' dir='ltr'>nunetemenreetitno,</span> 
     </span>
     <span class='ocr_line' id='line_1_27' title="bbox 171 2956 1411 3029; baseline -0.001 -19"><span class='ocrx_word' id='word_1_240' title='bbox 171 2970 193 3023; x_wconf 84' lang='lat' dir='ltr'>t,</span> <span class='ocrx_word' id='word_1_241' title='bbox 210 2962 237 3023; x_wconf 75' lang='lat'>2,</span> <span class='ocrx_word' id='word_1_242' title='bbox 257 2961 305 3011; x_wconf 79' lang='lat' dir='ltr'>toa</span> <span class='ocrx_word' id='word_1_243' title='bbox 327 2958 353 3010; x_wconf 82' lang='lat' dir='ltr'>ei</span> <span class='ocrx_word' id='word_1_244' title='bbox 367 2957 426 3027; x_wconf 82' lang='lat' dir='ltr'>snit</span> <span class='ocrx_word' id='word_1_245' title='bbox 443 2959 483 3012; x_wconf 77' lang='lat' dir='ltr'>lic</span> <span class='ocrx_word' id='word_1_246' title='bbox 504 2959 608 3012; x_wconf 76' lang='lat' dir='ltr'>anbnae</span> <span class='ocrx_word' id='word_1_247' title='bbox 624 2960 711 3026; x_wconf 77' lang='lat' dir='ltr'>nobie,</span> <span class='ocrx_word' id='word_1_248' title='bbox 733 2961 771 3013; x_wconf 87' lang='lat' dir='ltr'>ita</span> <span class='ocrx_word' id='word_1_249' title='bbox 804 2959 875 3029; x_wconf 85' lang='lat' dir='ltr'>quod</span> <span class='ocrx_word' id='word_1_250' title='bbox 891 2959 1021 3013; x_wconf 81' lang='lat' dir='ltr'>desectum</span> <span class='ocrx_word' id='word_1_251' title='bbox 1039 2956 1231 3013; x_wconf 75' lang='lat' dir='ltr'>coniunctionis</span> <span class='ocrx_word' id='word_1_252' title='bbox 1244 2973 1326 3027; x_wconf 74' lang='lat' dir='ltr'>aegre</span> <span class='ocrx_word' id='word_1_253' title='bbox 1343 2957 1411 3023; x_wconf 79' lang='lat' dir='ltr'>fero,</span> 
     </span>
     <span class='ocr_line' id='line_1_28' title="bbox 167 3025 1412 3096; baseline 0 -18"><span class='ocrx_word' id='word_1_254' title='bbox 167 3027 284 3096; x_wconf 80' lang='lat' dir='ltr'>parcite,</span> <span class='ocrx_word' id='word_1_255' title='bbox 309 3025 380 3078; x_wconf 81' lang='lat' dir='ltr'>diui:</span> <span class='ocrx_word' id='word_1_256' title='bbox 405 3027 446 3080; x_wconf 82' lang='lat' dir='ltr'>ein</span> <span class='ocrx_word' id='word_1_257' title='bbox 464 3029 563 3094; x_wconf 74' lang='lat' dir='ltr'>annue,</span> <span class='ocrx_word' id='word_1_258' title='bbox 593 3030 648 3082; x_wconf 87' lang='lat' dir='ltr'>altu</span> <span class='ocrx_word' id='word_1_259' title='bbox 675 3030 770 3082; x_wconf 77' lang='lat' dir='ltr'>eadent</span> <span class='ocrx_word' id='word_1_260' title='bbox 805 3045 854 3080; x_wconf 90' lang='lat' dir='ltr'>nec</span> <span class='ocrx_word' id='word_1_261' title='bbox 868 3027 1153 3082; x_wconf 78' lang='lat' dir='ltr'>emendatioCut-tiane</span> <span class='ocrx_word' id='word_1_262' title='bbox 1169 3025 1274 3080; x_wconf 86' lang='lat' dir='ltr'>illoram</span> <span class='ocrx_word' id='word_1_263' title='bbox 1291 3025 1412 3080; x_wconf 83' lang='lat' dir='ltr'>codicum</span> 
     </span>
     <span class='ocr_line' id='line_1_29' title="bbox 172 3092 1412 3166; baseline -0.003 -16"><span class='ocrx_word' id='word_1_264' title='bbox 172 3094 265 3150; x_wconf 79' lang='lat' dir='ltr'>obruat</span> <span class='ocrx_word' id='word_1_265' title='bbox 281 3096 354 3148; x_wconf 80' lang='lat' dir='ltr'>unda</span> <span class='ocrx_word' id='word_1_266' title='bbox 371 3104 457 3164; x_wconf 84' lang='lat' dir='ltr'>caput.</span> <span class='ocrx_word' id='word_1_267' title='bbox 807 3095 966 3150; x_wconf 79' lang='lat' dir='ltr'>auctoritate</span> <span class='ocrx_word' id='word_1_268' title='bbox 974 3113 1064 3150; x_wconf 82' lang='lat' dir='ltr'>carere</span> <span class='ocrx_word' id='word_1_269' title='bbox 1076 3103 1173 3166; x_wconf 71' lang='lat' dir='ltr'>potent.</span> <span class='ocrx_word' id='word_1_270' title='bbox 1194 3093 1322 3165; x_wconf 70' lang='lat' dir='ltr'>Suspicor</span> <span class='ocrx_word' id='word_1_271' title='bbox 1329 3092 1412 3147; x_wconf 75' lang='lat' dir='ltr'>etiem</span> 
     </span>
     <span class='ocr_line' id='line_1_30' title="bbox 206 3161 1413 3235; baseline -0.002 -19"><span class='ocrx_word' id='word_1_272' title='bbox 206 3166 230 3232; x_wconf 64' lang='grc' dir='ltr'>ς.</span> <span class='ocrx_word' id='word_1_273' title='bbox 248 3169 290 3216; x_wconf 74' lang='lat' dir='ltr'>tt.</span> <span class='ocrx_word' id='word_1_274' title='bbox 326 3165 435 3232; x_wconf 72' lang='lat' dir='ltr'>excepit:</span> <span class='ocrx_word' id='word_1_275' title='bbox 465 3173 488 3216; x_wconf 81' lang='lat' dir='ltr'>et</span> <span class='ocrx_word' id='word_1_276' title='bbox 514 3181 560 3216; x_wconf 76' lang='lat' dir='ltr'>rex</span> <span class='ocrx_word' id='word_1_277' title='bbox 578 3167 605 3216; x_wconf 86' lang='lat' dir='ltr'>in</span> <span class='ocrx_word' id='word_1_278' title='bbox 631 3165 714 3218; x_wconf 84' lang='lat' dir='ltr'>medio</span> <span class='ocrx_word' id='word_1_279' title='bbox 739 3195 772 3204; x_wconf 94' lang='lat'><em>-</em></span> <span class='ocrx_word' id='word_1_280' title='bbox 807 3166 876 3235; x_wconf 88' lang='lat' dir='ltr'>quod</span> <span class='ocrx_word' id='word_1_281' title='bbox 895 3164 922 3218; x_wconf 93' lang='lat' dir='ltr'>in</span> <span class='ocrx_word' id='word_1_282' title='bbox 938 3163 1115 3235; x_wconf 72' lang='lat' dir='ltr'>compluribus</span> <span class='ocrx_word' id='word_1_283' title='bbox 1136 3161 1263 3230; x_wconf 69' lang='lat' dir='ltr'>seriptum</span> <span class='ocrx_word' id='word_1_284' title='bbox 1284 3172 1328 3216; x_wconf 85' lang='lat' dir='ltr'>eet</span> <span class='ocrx_word' id='word_1_285' title='bbox 1349 3172 1413 3216; x_wconf 85' lang='lat' dir='ltr'>eete-</span> 
     </span>
     <span class='ocr_line' id='line_1_31' title="bbox 172 3229 1413 3311; baseline 0 -25"><span class='ocrx_word' id='word_1_286' title='bbox 172 3231 263 3303; x_wconf 76' lang='lat' dir='ltr'>inerit]</span> <span class='ocrx_word' id='word_1_287' title='bbox 297 3230 425 3286; x_wconf 80' lang='lat' dir='ltr'>Preeaene</span> <span class='ocrx_word' id='word_1_288' title='bbox 450 3241 555 3311; x_wconf 73' lang='lat' dir='ltr'>tempus</span> <span class='ocrx_word' id='word_1_289' title='bbox 581 3235 675 3302; x_wconf 66' lang='lat' dir='ltr'>cambit</span> <span class='ocrx_word' id='word_1_290' title='bbox 700 3233 773 3287; x_wconf 85' lang='lat' dir='ltr'>dedi-</span> <span class='ocrx_word' id='word_1_291' title='bbox 807 3252 865 3288; x_wconf 81' lang='lat' dir='ltr'>rum</span> <span class='ocrx_word' id='word_1_292' title='bbox 887 3233 915 3287; x_wconf 93' lang='lat' dir='ltr'>in</span> <span class='ocrx_word' id='word_1_293' title='bbox 938 3251 1015 3286; x_wconf 79' lang='lat' dir='ltr'>cauae</span> <span class='ocrx_word' id='word_1_294' title='bbox 1036 3232 1284 3286; x_wconf 70' lang='lat' dir='ltr'>substentantem</span> <span class='ocrx_word' id='word_1_295' title='bbox 1301 3229 1413 3286; x_wconf 71' lang='lat' dir='ltr'>cneum-</span> 
     </span>
     <span class='ocr_line' id='line_1_32' title="bbox 172 3302 971 3372; baseline 0 -18"><span class='ocrx_word' id='word_1_296' title='bbox 172 3317 244 3366; x_wconf 79' lang='lat' dir='ltr'>mrre,</span> <span class='ocrx_word' id='word_1_297' title='bbox 276 3317 434 3372; x_wconf 85' lang='lat' dir='ltr'>quemquam</span> <span class='ocrx_word' id='word_1_298' title='bbox 460 3309 579 3371; x_wconf 72' lang='lat' dir='ltr'>aequatur</span> <span class='ocrx_word' id='word_1_299' title='bbox 605 3302 773 3372; x_wconf 76' lang='lat' dir='ltr'>praeteritam</span> <span class='ocrx_word' id='word_1_300' title='bbox 808 3302 971 3356; x_wconf 78' lang='lat' dir='ltr'>scriberetur.</span> 
     </span>
     <span class='ocr_line' id='line_1_33' title="bbox 174 3367 1413 3462; baseline -0.002 -40"><span class='ocrx_word' id='word_1_301' title='bbox 174 3371 268 3424; x_wconf 72' lang='lat' dir='ltr'>inruit:</span> <span class='ocrx_word' id='word_1_302' title='bbox 286 3385 328 3422; x_wconf 82' lang='lat' dir='ltr'>ere</span> <span class='ocrx_word' id='word_1_303' title='bbox 345 3369 411 3423; x_wconf 82' lang='lat' dir='ltr'>haec</span> <span class='ocrx_word' id='word_1_304' title='bbox 427 3379 469 3424; x_wconf 82' lang='lat' dir='ltr'>eet</span> <span class='ocrx_word' id='word_1_305' title='bbox 486 3368 625 3423; x_wconf 81' lang='lat' dir='ltr'>variandae</span> <span class='ocrx_word' id='word_1_306' title='bbox 641 3370 773 3436; x_wconf 78' lang='lat' dir='ltr'>orationis,</span> <span class='ocrx_word' id='word_1_307' title='bbox 842 3371 1006 3424; x_wconf 72' lang='lat' dir='ltr'>Hecatonem</span> <span class='ocrx_word' id='word_1_308' title='bbox 1024 3381 1048 3423; x_wconf 86' lang='lat' dir='ltr'>et</span> <span class='ocrx_word' id='word_1_309' title='bbox 1064 3369 1206 3462; x_wconf 60' lang='lat' dir='ltr'>Cotenetn]v</span> <span class='ocrx_word' id='word_1_310' title='bbox 1225 3367 1360 3422; x_wconf 78' lang='lat' dir='ltr'>Snnkenb.</span> <span class='ocrx_word' id='word_1_311' title='bbox 1378 3383 1413 3420; x_wconf 80' lang='lat' dir='ltr'>ex</span> 
     </span>
     <span class='ocr_line' id='line_1_34' title="bbox 173 3437 1414 3510; baseline -0.002 -18"><span class='ocrx_word' id='word_1_312' title='bbox 173 3437 247 3493; x_wconf 85' lang='lat' dir='ltr'>cuiue</span> <span class='ocrx_word' id='word_1_313' title='bbox 264 3437 348 3492; x_wconf 79' lang='lat' dir='ltr'>multe</span> <span class='ocrx_word' id='word_1_314' title='bbox 363 3439 485 3510; x_wconf 83' lang='lat' dir='ltr'>example</span> <span class='ocrx_word' id='word_1_315' title='bbox 502 3456 561 3492; x_wconf 84' lang='lat' dir='ltr'>cum</span> <span class='ocrx_word' id='word_1_316' title='bbox 577 3439 620 3492; x_wconf 79' lang='lat' dir='ltr'>elii</span> <span class='ocrx_word' id='word_1_317' title='bbox 633 3439 775 3510; x_wconf 82' lang='lat' dir='ltr'>ecriptoree</span> <span class='ocrx_word' id='word_1_318' title='bbox 809 3456 880 3494; x_wconf 85' lang='lat' dir='ltr'>more</span> <span class='ocrx_word' id='word_1_319' title='bbox 897 3457 944 3492; x_wconf 81' lang='lat' dir='ltr'>suc</span> <span class='ocrx_word' id='word_1_320' title='bbox 962 3441 1118 3493; x_wconf 76' lang='lat' dir='ltr'>Haustanen</span> <span class='ocrx_word' id='word_1_321' title='bbox 1136 3447 1163 3490; x_wconf 90' lang='lat' dir='ltr'>et</span> <span class='ocrx_word' id='word_1_322' title='bbox 1184 3441 1300 3492; x_wconf 80' lang='lat' dir='ltr'>tatenen</span> <span class='ocrx_word' id='word_1_323' title='bbox 1317 3452 1414 3506; x_wconf 71' lang='lat' dir='ltr'>graecu</span> 
     </span>
     <span class='ocr_line' id='line_1_35' title="bbox 174 3503 1414 3580; baseline -0.003 -18"><span class='ocrx_word' id='word_1_324' title='bbox 174 3515 232 3562; x_wconf 86' lang='lat' dir='ltr'>tum</span> <span class='ocrx_word' id='word_1_325' title='bbox 259 3505 367 3561; x_wconf 75' lang='lat' dir='ltr'>Curtius</span> <span class='ocrx_word' id='word_1_326' title='bbox 394 3509 511 3578; x_wconf 78' lang='lat' dir='ltr'>praebet.</span> <span class='ocrx_word' id='word_1_327' title='bbox 551 3506 609 3562; x_wconf 87' lang='lat' dir='ltr'>Nec</span> <span class='ocrx_word' id='word_1_328' title='bbox 636 3508 775 3580; x_wconf 78' lang='lat' dir='ltr'>quicquam</span> <span class='ocrx_word' id='word_1_329' title='bbox 809 3507 1003 3568; x_wconf 79' lang='lat' dir='ltr'>terminatione.</span> <span class='ocrx_word' id='word_1_330' title='bbox 1021 3517 1048 3561; x_wconf 91' lang='lat' dir='ltr'>et</span> <span class='ocrx_word' id='word_1_331' title='bbox 1064 3507 1102 3560; x_wconf 78' lang='lat' dir='ltr'>sic</span> <span class='ocrx_word' id='word_1_332' title='bbox 1119 3515 1159 3560; x_wconf 81' lang='lat' dir='ltr'>eet</span> <span class='ocrx_word' id='word_1_333' title='bbox 1172 3505 1330 3571; x_wconf 78' lang='lat' dir='ltr'>iollam-A,</span> <span class='ocrx_word' id='word_1_334' title='bbox 1348 3503 1414 3558; x_wconf 79' lang='lat' dir='ltr'>item</span> 
     </span>
     <span class='ocr_line' id='line_1_36' title="bbox 173 3571 1413 3648; baseline -0.004 -18"><span class='ocrx_word' id='word_1_335' title='bbox 173 3575 228 3630; x_wconf 90' lang='lat' dir='ltr'>b.l.</span> <span class='ocrx_word' id='word_1_336' title='bbox 246 3574 273 3630; x_wconf 92' lang='lat' dir='ltr'>in</span> <span class='ocrx_word' id='word_1_337' title='bbox 290 3592 320 3629; x_wconf 90' lang='lat' dir='ltr'>re</span> <span class='ocrx_word' id='word_1_338' title='bbox 337 3575 477 3647; x_wconf 76' lang='lat' dir='ltr'>improvisa</span> <span class='ocrx_word' id='word_1_339' title='bbox 493 3576 663 3644; x_wconf 75' lang='lat' dir='ltr'>describenda</span> <span class='ocrx_word' id='word_1_340' title='bbox 680 3577 775 3648; x_wconf 72' lang='lat' dir='ltr'>aptius.</span> <span class='ocrx_word' id='word_1_341' title='bbox 811 3578 966 3631; x_wconf 78' lang='lat' dir='ltr'>Haustanen</span> <span class='ocrx_word' id='word_1_342' title='bbox 984 3575 1054 3630; x_wconf 86' lang='lat' dir='ltr'>Flor.</span> <span class='ocrx_word' id='word_1_343' title='bbox 1073 3574 1177 3640; x_wconf 81' lang='lat' dir='ltr'>DFGI,</span> <span class='ocrx_word' id='word_1_344' title='bbox 1207 3573 1324 3628; x_wconf 83' lang='lat' dir='ltr'>Cotenen</span> <span class='ocrx_word' id='word_1_345' title='bbox 1342 3571 1413 3626; x_wconf 78' lang='lat' dir='ltr'>Flor.</span> 
     </span>
     <span class='ocr_line' id='line_1_37' title="bbox 175 3640 1415 3715; baseline -0.005 -15"><span class='ocrx_word' id='word_1_346' title='bbox 175 3643 268 3700; x_wconf 82' lang='lat' dir='ltr'>Seeuti</span> <span class='ocrx_word' id='word_1_347' title='bbox 285 3653 374 3699; x_wconf 78' lang='lat' dir='ltr'>eutem</span> <span class='ocrx_word' id='word_1_348' title='bbox 391 3663 479 3700; x_wconf 80' lang='lat' dir='ltr'>eumue</span> <span class='ocrx_word' id='word_1_349' title='bbox 496 3663 552 3700; x_wconf 92' lang='lat' dir='ltr'>non</span> <span class='ocrx_word' id='word_1_350' title='bbox 568 3665 648 3700; x_wconf 89' lang='lat' dir='ltr'>uuum</span> <span class='ocrx_word' id='word_1_351' title='bbox 665 3657 694 3700; x_wconf 88' lang='lat' dir='ltr'>et</span> <span class='ocrx_word' id='word_1_352' title='bbox 710 3645 776 3700; x_wconf 81' lang='lat' dir='ltr'>elte-</span> <span class='ocrx_word' id='word_1_353' title='bbox 809 3644 962 3712; x_wconf 78' lang='lat' dir='ltr'>ABCFGI,</span> <span class='ocrx_word' id='word_1_354' title='bbox 989 3645 1035 3698; x_wconf 84' lang='lat' dir='ltr'>aed</span> <span class='ocrx_word' id='word_1_355' title='bbox 1056 3661 1136 3715; x_wconf 75' lang='lat' dir='ltr'>cupre</span> <span class='ocrx_word' id='word_1_356' title='bbox 1162 3641 1207 3697; x_wconf 90' lang='lat' dir='ltr'>ubi</span> <span class='ocrx_word' id='word_1_357' title='bbox 1230 3640 1296 3695; x_wconf 92' lang='lat' dir='ltr'>illud</span> <span class='ocrx_word' id='word_1_358' title='bbox 1317 3659 1415 3695; x_wconf 82' lang='lat' dir='ltr'>nomen</span> 
     </span>
     <span class='ocr_line' id='line_1_38' title="bbox 174 3709 1414 3787; baseline -0.005 -18"><span class='ocrx_word' id='word_1_359' title='bbox 174 3732 234 3769; x_wconf 88' lang='lat' dir='ltr'>rum</span> <span class='ocrx_word' id='word_1_360' title='bbox 251 3713 348 3768; x_wconf 87' lang='lat' dir='ltr'>librum</span> <span class='ocrx_word' id='word_1_361' title='bbox 365 3731 412 3768; x_wconf 83' lang='lat' dir='ltr'>me.</span> <span class='ocrx_word' id='word_1_362' title='bbox 429 3717 475 3769; x_wconf 81' lang='lat' dir='ltr'>ted</span> <span class='ocrx_word' id='word_1_363' title='bbox 492 3725 598 3787; x_wconf 83' lang='lat' dir='ltr'>preater</span> <span class='ocrx_word' id='word_1_364' title='bbox 614 3714 775 3779; x_wconf 79' lang='lat' dir='ltr'>Leidvoss.</span> <span class='ocrx_word' id='word_1_365' title='bbox 809 3715 947 3785; x_wconf 78' lang='lat' dir='ltr'>legebatur</span> <span class='ocrx_word' id='word_1_366' title='bbox 965 3728 1018 3780; x_wconf 78' lang='lat' dir='ltr'>vn,</span> <span class='ocrx_word' id='word_1_367' title='bbox 1035 3719 1106 3766; x_wconf 77' lang='lat' dir='ltr'>ttet</span> <span class='ocrx_word' id='word_1_368' title='bbox 1120 3717 1154 3766; x_wconf 79' lang='lat'>28</span> <span class='ocrx_word' id='word_1_369' title='bbox 1174 3711 1297 3766; x_wconf 73' lang='lat' dir='ltr'>Carmen</span> <span class='ocrx_word' id='word_1_370' title='bbox 1316 3709 1342 3764; x_wconf 88' lang='lat' dir='ltr'>in</span> <span class='ocrx_word' id='word_1_371' title='bbox 1375 3709 1414 3762; x_wconf 88' lang='lat' dir='ltr'>le-</span> 
     </span>
     <span class='ocr_line' id='line_1_39' title="bbox 177 3727 1414 3860; baseline -0.004 -24"><span class='ocrx_word' id='word_1_372' title='bbox 177 3792 190 3837; x_wconf 89' lang='lat' dir='ltr'>l</span> <span class='ocrx_word' id='word_1_373' title='bbox 210 3799 303 3837; x_wconf 75' lang='lat' dir='ltr'>omnen</span> <span class='ocrx_word' id='word_1_374' title='bbox 320 3783 378 3837; x_wconf 79' lang='lat' dir='ltr'>t‘ere</span> <span class='ocrx_word' id='word_1_375' title='bbox 395 3794 515 3851; x_wconf 74' lang='lat' dir='ltr'>nostroe,</span> <span class='ocrx_word' id='word_1_376' title='bbox 537 3784 661 3856; x_wconf 80' lang='lat' dir='ltr'>quoniam</span> <span class='ocrx_word' id='word_1_377' title='bbox 679 3787 776 3854; x_wconf 79' lang='lat' dir='ltr'>excepit</span> <span class='ocrx_word' id='word_1_378' title='bbox 811 3784 898 3854; x_wconf 83' lang='lat' dir='ltr'>risque</span> <span class='ocrx_word' id='word_1_379' title='bbox 915 3793 982 3848; x_wconf 70' lang='lat' dir='ltr'>erat,</span> <span class='ocrx_word' id='word_1_380' title='bbox 1001 3779 1127 3852; x_wconf 79' lang='lat' dir='ltr'>imprimis</span> <span class='ocrx_word' id='word_1_381' title='bbox 1146 3778 1173 3860; x_wconf 83' lang='lat' dir='ltr'>in</span> <span class='ocrx_word' id='word_1_382' title='bbox 1191 3779 1332 3834; x_wconf 63' lang='lat' dir='ltr'>Etenna.</span> <span class='ocrx_word' id='word_1_383' title='bbox 1356 3727 1414 3832; x_wconf 77' lang='lat' dir='ltr'>lle·-</span> 
     </span>
     <span class='ocr_line' id='line_1_40' title="bbox 176 3847 1415 3968; baseline -0.005 -63"><span class='ocrx_word' id='word_1_384' title='bbox 176 3854 247 3924; x_wconf 90' lang='lat' dir='ltr'>quod</span> <span class='ocrx_word' id='word_1_385' title='bbox 255 3851 368 3906; x_wconf 82' lang='lat' dir='ltr'>Aldinae</span> <span class='ocrx_word' id='word_1_386' title='bbox 376 3851 462 3908; x_wconf 87' lang='lat' dir='ltr'>editor</span> <span class='ocrx_word' id='word_1_387' title='bbox 480 3853 554 3908; x_wconf 87' lang='lat' dir='ltr'>dedit</span> <span class='ocrx_word' id='word_1_388' title='bbox 570 3869 625 3907; x_wconf 91' lang='lat' dir='ltr'>non</span> <span class='ocrx_word' id='word_1_389' title='bbox 643 3853 777 3908; x_wconf 88' lang='lat' dir='ltr'>inventum</span> <span class='ocrx_word' id='word_1_390' title='bbox 812 3871 863 3924; x_wconf 90' lang='lat' dir='ltr'>que</span> <span class='ocrx_word' id='word_1_391' title='bbox 881 3852 1057 3906; x_wconf 80' lang='lat' dir='ltr'>comtantinm</span> <span class='ocrx_word' id='word_1_392' title='bbox 1075 3849 1102 3903; x_wconf 93' lang='lat' dir='ltr'>in</span> <span class='ocrx_word' id='word_1_393' title='bbox 1120 3849 1217 3929; x_wconf 42' lang='lat' dir='ltr'>talibus.</span> <span class='ocrx_word' id='word_1_394' title='bbox 1234 3847 1314 3927; x_wconf 78' lang='lat' dir='ltr'>rebus</span> <span class='ocrx_word' id='word_1_395' title='bbox 1330 3864 1415 3968; x_wconf 73' lang='lat' dir='ltr'>pne-</span> 
     </span>
     <span class='ocr_line' id='line_1_41' title="bbox 176 3917 1415 3996; baseline -0.005 -20"><span class='ocrx_word' id='word_1_396' title='bbox 176 3927 219 3976; x_wconf 79' lang='lat' dir='ltr'>eet</span> <span class='ocrx_word' id='word_1_397' title='bbox 233 3920 284 3976; x_wconf 83' lang='lat' dir='ltr'>niei</span> <span class='ocrx_word' id='word_1_398' title='bbox 298 3921 326 3975; x_wconf 92' lang='lat' dir='ltr'>in</span> <span class='ocrx_word' id='word_1_399' title='bbox 335 3921 407 3976; x_wconf 87' lang='lat' dir='ltr'>Flor.</span> <span class='ocrx_word' id='word_1_400' title='bbox 417 3921 488 3976; x_wconf 87' lang='lat' dir='ltr'>DFl.</span> <span class='ocrx_word' id='word_1_401' title='bbox 513 3922 555 3977; x_wconf 87' lang='lat' dir='ltr'>ct.</span> <span class='ocrx_word' id='word_1_402' title='bbox 568 3922 676 3978; x_wconf 75' lang='lat' dir='ltr'>similem</span> <span class='ocrx_word' id='word_1_403' title='bbox 690 3941 778 3978; x_wconf 85' lang='lat' dir='ltr'>emen·</span> <span class='ocrx_word' id='word_1_404' title='bbox 813 3923 894 3992; x_wconf 75' lang='lat' dir='ltr'>etebie</span> <span class='ocrx_word' id='word_1_405' title='bbox 912 3921 961 3976; x_wconf 83' lang='lat' dir='ltr'>nisi</span> <span class='ocrx_word' id='word_1_406' title='bbox 978 3921 1030 3973; x_wconf 85' lang='lat' dir='ltr'>vim</span> <span class='ocrx_word' id='word_1_407' title='bbox 1045 3919 1104 3972; x_wconf 88' lang='lat' dir='ltr'>buic</span> <span class='ocrx_word' id='word_1_408' title='bbox 1118 3927 1165 3971; x_wconf 86' lang='lat' dir='ltr'>aut</span> <span class='ocrx_word' id='word_1_409' title='bbox 1178 3917 1216 3996; x_wconf 84' lang='lat' dir='ltr'>rllr</span> <span class='ocrx_word' id='word_1_410' title='bbox 1233 3926 1329 3988; x_wconf 70' lang='lat' dir='ltr'>ptrue</span> <span class='ocrx_word' id='word_1_411' title='bbox 1348 3933 1415 3970; x_wconf 84' lang='lat' dir='ltr'>erne.</span> 
     </span>
     <span class='ocr_line' id='line_1_42' title="bbox 177 3988 1417 4066; baseline -0.007 -22"><span class='ocrx_word' id='word_1_412' title='bbox 177 3989 258 4046; x_wconf 69' lang='lat' dir='ltr'>dandi</span> <span class='ocrx_word' id='word_1_413' title='bbox 275 3988 404 4044; x_wconf 77' lang='lat' dir='ltr'>munnam</span> <span class='ocrx_word' id='word_1_414' title='bbox 422 3993 455 4046; x_wconf 77' lang='lat' dir='ltr'>ed</span> <span class='ocrx_word' id='word_1_415' title='bbox 474 4007 516 4059; x_wconf 73' lang='lat' dir='ltr'>Vt,</span> <span class='ocrx_word' id='word_1_416' title='bbox 532 3999 573 4058; x_wconf 76' lang='lat' dir='ltr'>tt,</span> <span class='ocrx_word' id='word_1_417' title='bbox 585 4001 624 4047; x_wconf 81' lang='lat'>12.</span> <span class='ocrx_word' id='word_1_418' title='bbox 661 3993 729 4048; x_wconf 79' lang='lat' dir='ltr'>&#39;sum</span> <span class='ocrx_word' id='word_1_419' title='bbox 743 3995 753 4046; x_wconf 80' lang='grc' dir='ltr'>ι’</span> <span class='ocrx_word' id='word_1_420' title='bbox 760 4013 778 4046; x_wconf 88' lang='lat' dir='ltr'>tt</span> <span class='ocrx_word' id='word_1_421' title='bbox 812 3991 938 4046; x_wconf 70' lang='lat' dir='ltr'>Arrianus</span> <span class='ocrx_word' id='word_1_422' title='bbox 957 4006 997 4053; x_wconf 79' lang='lat' dir='ltr'>tv,</span> <span class='ocrx_word' id='word_1_423' title='bbox 1014 3996 1046 4042; x_wconf 77' lang='grc'>22</span> <span class='ocrx_word' id='word_1_424' title='bbox 1074 3993 1222 4059; x_wconf 75' lang='grc' dir='ltr'>Κρατερον</span> <span class='ocrx_word' id='word_1_425' title='bbox 1239 4017 1273 4028; x_wconf 86' lang='lat'>-</span> <span class='ocrx_word' id='word_1_426' title='bbox 1291 3989 1337 4037; x_wconf 75' lang='grc' dir='ltr'>ἐπὶ</span> <span class='ocrx_word' id='word_1_427' title='bbox 1355 3991 1417 4066; x_wconf 48' lang='lat' dir='ltr'>Ka:</span> 
     </span>
     <span class='ocr_line' id='line_1_43' title="bbox 177 4055 1416 4130; baseline -0.007 -18"><span class='ocrx_word' id='word_1_428' title='bbox 177 4062 261 4114; x_wconf 80' lang='lat' dir='ltr'>tnedt‘o</span> <span class='ocrx_word' id='word_1_429' title='bbox 274 4062 424 4130; x_wconf 70' lang='lat' dir='ltr'>cupiditatis</span> <span class='ocrx_word' id='word_1_430' title='bbox 437 4065 532 4116; x_wconf 81' lang='lat' dir='ltr'>ardore</span> <span class='ocrx_word' id='word_1_431' title='bbox 545 4062 710 4116; x_wconf 72' lang='lat' dir='ltr'>scribendum</span> <span class='ocrx_word' id='word_1_432' title='bbox 719 4061 777 4126; x_wconf 71' lang='lat' dir='ltr'>tuit.</span> <span class='ocrx_word' id='word_1_433' title='bbox 812 4063 902 4125; x_wconf 78' lang='grc' dir='ltr'><em>τάνην</em></span> <span class='ocrx_word' id='word_1_434' title='bbox 924 4081 955 4112; x_wconf 81' lang='grc' dir='ltr'>τε</span> <span class='ocrx_word' id='word_1_435' title='bbox 973 4064 1018 4110; x_wconf 75' lang='grc' dir='ltr'>καὶ</span> <span class='ocrx_word' id='word_1_436' title='bbox 1035 4055 1189 4119; x_wconf 69' lang='grc' dir='ltr'>Αὐστάνην</span> <span class='ocrx_word' id='word_1_437' title='bbox 1207 4059 1358 4120; x_wconf 77' lang='grc' dir='ltr'>ἐκπέμπει,</span> <span class='ocrx_word' id='word_1_438' title='bbox 1388 4072 1416 4104; x_wconf 88' lang='grc' dir='ltr'>οι</span> 
     </span>
     <span class='ocr_line' id='line_1_44' title="bbox 178 4123 1415 4263; baseline -0.008 -11"><span class='ocrx_word' id='word_1_439' title='bbox 178 4129 778 4255; x_wconf 62' lang='lat' dir='ltr'>rattrat‘ttssratnlmrt</span> <span class='ocrx_word' id='word_1_440' title='bbox 812 4128 945 4263; x_wconf 61' lang='lat' dir='ltr'>tint-t</span> <span class='ocrx_word' id='word_1_441' title='bbox 959 4123 1415 4260; x_wconf 55' lang='lat' dir='ltr'>terrena:*aaa</span> 
     </span>
     <span class='ocr_line' id='line_1_45' title="bbox 178 4220 1416 4342; baseline -0.01 -20"><span class='ocrx_word' id='word_1_442' title='bbox 178 4267 279 4322; x_wconf 80' lang='lat' dir='ltr'>babent</span> <span class='ocrx_word' id='word_1_443' title='bbox 295 4265 376 4322; x_wconf 86' lang='lat' dir='ltr'>etiam</span> <span class='ocrx_word' id='word_1_444' title='bbox 393 4267 483 4324; x_wconf 80' lang='lat' dir='ltr'>lunim</span> <span class='ocrx_word' id='word_1_445' title='bbox 501 4271 527 4326; x_wconf 88' lang='lat' dir='ltr'>in</span> <span class='ocrx_word' id='word_1_446' title='bbox 545 4220 662 4341; x_wconf 71' lang='lat' dir='ltr'>mal-gine</span> <span class='ocrx_word' id='word_1_447' title='bbox 679 4241 778 4324; x_wconf 62' lang='lat' dir='ltr'>etMo3</span> <span class='ocrx_word' id='word_1_448' title='bbox 814 4281 881 4324; x_wconf 76' lang='lat' dir='ltr'>tenea</span> <span class='ocrx_word' id='word_1_449' title='bbox 904 4247 1067 4342; x_wconf 57' lang='lat' dir='ltr'>tamen‘e&#39;pu</span> <span class='ocrx_word' id='word_1_450' title='bbox 1104 4261 1227 4340; x_wconf 75' lang='lat' dir='ltr'>Curtium</span> <span class='ocrx_word' id='word_1_451' title='bbox 1249 4278 1359 4339; x_wconf 36' lang='lat' dir='ltr'>semper·</span> <span class='ocrx_word' id='word_1_452' title='bbox 1374 4266 1416 4338; x_wconf 78' lang='lat' dir='ltr'>est</span> 
     </span>
     <span class='ocr_line' id='line_1_46' title="bbox 179 4329 1415 4411; baseline -0.01 -19"><span class='ocrx_word' id='word_1_453' title='bbox 179 4337 239 4392; x_wconf 78' lang='lat' dir='ltr'>diue</span> <span class='ocrx_word' id='word_1_454' title='bbox 255 4335 283 4392; x_wconf 91' lang='lat' dir='ltr'>in</span> <span class='ocrx_word' id='word_1_455' title='bbox 300 4344 386 4392; x_wconf 84' lang='lat' dir='ltr'>textu.</span> <span class='ocrx_word' id='word_1_456' title='bbox 813 4355 860 4411; x_wconf 90' lang='lat' dir='ltr'>per</span> <span class='ocrx_word' id='word_1_457' title='bbox 877 4356 890 4391; x_wconf 91' lang='lat' dir='ltr'>e</span> <span class='ocrx_word' id='word_1_458' title='bbox 907 4335 1039 4401; x_wconf 77' lang='lat' dir='ltr'>vocalem,</span> <span class='ocrx_word' id='word_1_459' title='bbox 1061 4349 1088 4386; x_wconf 88' lang='lat' dir='ltr'>m</span> <span class='ocrx_word' id='word_1_460' title='bbox 1109 4330 1210 4402; x_wconf 72' lang='lat' dir='ltr'>aliquot</span> <span class='ocrx_word' id='word_1_461' title='bbox 1230 4339 1320 4384; x_wconf 83' lang='lat' dir='ltr'>autem</span> <span class='ocrx_word' id='word_1_462' title='bbox 1342 4329 1415 4383; x_wconf 79' lang='lat' dir='ltr'>bbne</span> 
     </span>
    </p>
   </div>
   <div class='ocr_carea' id='block_1_6' title="bbox 0 0 1688 5050">
    <p class='ocr_par' dir='ltr' id='par_1_7' title="bbox 0 0 1688 5050">
     <span class='ocr_line' id='line_1_47' title="bbox 0 0 1688 5050; baseline 0 0"><span class='ocrx_word' id='word_1_463' title='bbox 0 0 1688 5050; x_wconf 95' lang='lat' dir='ltr'> </span> 
     </span>
    </p>
   </div>
  </div>
 </body>
</html>
