3302 5052
199 297 248 368 90
662 302 697 366 Q·
724 299 849 353 CUBTII
872 299 959 352 susi

196 512 328 588 magna
361 486 582 568 munimenta
613 487 713 586 regni
744 487 809 558 sni.
861 483 1091 560 Veniendum
1116 487 1154 558 in
1181 507 1327 582 campos
1333 538 1343 573 ,
1377 479 1440 554 ubi

197 600 378 700 paucitate
410 623 557 672 suorum
592 596 874 672 erubescendum
905 597 962 667 sit
1014 592 1182 682 Mediam,
1208 593 1475 690 Hyrcniiism,s

198 710 338 799 Baetra,
365 719 402 783 et
426 709 535 783 Indos
550 708 684 784 Oceani
710 707 848 778 accolas
876 701 1021 799 quando
1056 701 1261 772 aditmum?
1297 727 1343 773 ne
1377 699 1441 774 So·

199 821 350 919 gdianos
377 833 415 896 et
439 821 656 894 Arachosios
683 815 872 900 nominem,
885 821 1097 908 ceterasque
1122 821 1249 910 gentes
1276 809 1324 882 ad
1351 809 1443 884 Cau·
1538 900 1542 905 .

199 957 322 1006 casum
358 945 396 1005 et
420 932 570 1004 Tanaim
602 925 830 1022 pertinentes.
889 917 1159 994 Senescendum
1190 923 1266 995 fore
1298 931 1442 994 tanturn
1488 993 1490 1000 .

200 1054 377 1118 terrarum
409 1041 467 1112 vel
502 1040 579 1110 sine
604 1034 738 1132 proelio
764 1032 920 1103 obeunti.
975 1029 1022 1104 Se
1048 1058 1136 1105 vero
1163 1033 1211 1106 ad
1236 1034 1355 1130 ipsum
1381 1057 1479 1106 vo·s

199 1177 282 1226 care
308 1150 496 1236 desineret,
522 1169 675 1242 namque
701 1143 793 1216 illius
820 1142 930 1215 exitio
957 1167 997 1214 se
1024 1143 1104 1216 esse
1132 1154 1334 1216 venturum.
1360 1144 1480 1220 Ales

200 1259 340 1334 xander
365 1259 435 1346 his,
463 1257 523 1353 qui
550 1258 687 1330 litteras
714 1257 925 1342 attulerant,
958 1251 1164 1352 respondit,
1190 1251 1351 1326 Dareum
1377 1255 1447 1329 sibi

204 1371 321 1442 aliena
354 1369 581 1467 promittere,
624 1378 661 1440 et
695 1365 792 1463 quod
827 1375 945 1436 totum
982 1365 1143 1438 amiserit
1179 1365 1272 1438 velle
1310 1365 1445 1461 partiri.

201 1479 289 1554 Doti
314 1480 381 1554 sibi
408 1477 485 1552 dari
510 1477 678 1578 Lydiam,
704 1473 829 1565 Ionas,
855 1473 1054 1564 Aeolidem,
1080 1473 1307 1573 Hellesponti
1335 1499 1447 1566 oram,
1482 1549 1484 1552 ,

98 1595 104 1598 ’
203 1591 375 1664 victoriae
411 1615 498 1663 suae
524 1589 701 1686 praemia
765 1583 880 1679 leges
921 1593 1046 1656 autem
1077 1609 1100 1656 a
1130 1585 1329 1660 victoribus
1367 1585 1448 1677 diei,

203 1703 314 1799 accipi
340 1727 363 1773 a
388 1701 501 1772 victis
553 1699 595 1770 In
621 1709 703 1768 utro
729 1701 828 1772 statu
860 1693 968 1764 ambo
995 1704 1132 1782 essent,
1166 1695 1196 1764 si
1223 1695 1322 1768 solus
1348 1697 1448 1792 igno.

116 1871 117 1874 ,
204 1823 320 1900 reret,
362 1808 622 1906 quamprimum
656 1803 772 1876 Marte
806 1801 1025 1875 decerneret
1087 1799 1135 1876 Se
1171 1829 1331 1902 quoque,
1366 1831 1485 1882 cuma

205 1921 376 1994 transiret
408 1941 526 2007 mare,
560 1942 633 1989 non
660 1913 835 2003 Ciliciam,
871 1923 935 1986 aut
960 1911 1130 2012 Lydiam,
1166 1915 1320 2013 (quippe
1355 1919 1448 1992 tanti

205 2092 315 2182 lomna
343 2127 497 2194 anama,
527 2141 594 2196 qne
628 2124 701 2194 apud
726 2121 810 2178 crae
843 2129 906 2192 pon
923 2120 950 2174 u
969 2121 1045 2175 aii.
1062 2129 1092 2174 a
1109 2121 1226 2204 ineque
1243 2097 1402 2178 mansii
1416 2141 1450 2178 m

207 2213 252 2250 eos
269 2195 296 2248 in
314 2215 346 2259 qe
363 2195 430 2249 Gen.
450 2215 484 2246 ov
502 2193 685 2259 terminantur,
704 2209 808 2246 accuss-
845 2191 995 2259 Sopdi'anos
1013 2199 1037 2242 et
1056 2191 1218 2244 Arachosios
1237 2193 1365 2245 nominem
1382 2192 1450 2262 legi-

205 2263 291 2318 tirum
309 2264 379 2342 apud
395 2263 505 2334 Latinos
522 2261 671 2331 scriptores,
690 2261 809 2330 qusmris
843 2266 897 2338 tur,
912 2258 990 2378 qaod
1005 2265 1078 2310 recte
1094 2275 1123 2312 se
1141 2259 1223 2312 habet
1239 2276 1326 2330 neque
1339 2261 1379 2313 its
1390 2278 1450 2314 niu-

208 2341 360 2402 eetaroquin
395 2331 501 2384 tertiam
536 2327 736 2382 declinationem
768 2345 808 2381 se-
843 2335 894 2379 nri
930 2327 1014 2392 abuit,
1033 2332 1064 2378 ut
1082 2325 1153 2380 omni
1172 2327 1223 2380 lide
1237 2328 1390 2398 posthabita
1418 2346 1449 2383 ro

208 2397 808 2522 qqnqqpqnaeqffiqqffii3iqq
842 2393 1053 2515 tmffitttf
1065 2395 1451 2520 tittlbdttmttit

207 2509 237 2590 al
255 2510 313 2600 uir,
343 2543 375 2588 14
397 2536 508 2589 eandem
525 2505 635 2589 fernim
652 2549 685 2586 ex
738 2505 808 2586 licio-
842 2541 943 2584 tantum
961 2541 1034 2584 notos
1051 2529 1231 2585 adiuvaretur.
1267 2533 1326 2588 Hoc
1343 2534 1450 2605 quidem
1525 2535 1528 2540 '

207 2605 280 2676 ribus
294 2603 366 2658 libris
380 2603 510 2658 revocavi
541 2603 696 2672 Tiprinquo
726 2601 808 2654 Snak.
843 2599 1008 2670 excogitavit
1025 2597 1139 2653 Aldinus
1162 2601 1264 2668 editor,
1285 2604 1451 2656 retamim

207 2673 242 2725 de
259 2689 393 2726 moresne
406 2671 509 2752 scripsit
523 2687 590 2724 unns
598 2668 704 2724 Flore
718 2671 808 2724 habet.
843 2679 944 2721 tantum
963 2677 1036 2721 notos
1054 2668 1155 2738 primus
1172 2664 1247 2722 dedit
1265 2669 1451 2724 lladr.1nnins

208 2741 282 2794 Idem
305 2739 385 2792 Snnk
410 2737 521 2792 retinuit
548 2738 660 2808 posthac
685 2738 807 2804 Tanaim,
843 2735 1012 2805 servavitque
1035 2752 1095 2788 eum
1112 2735 1219 2807 reliquis
1237 2737 1319 2790 etiam
1335 2737 1451 2792 Medius.

209 2809 281 2882 quod
298 2826 358 2860 insa
376 2807 440 2860 fides
449 2805 577 2878 postulat,
586 2805 703 2885 itemque
716 2807 808 2859 Perse·
844 2803 943 2882 'Prima’
966 2820 1080 2874 persona
1111 2805 1197 2858 utitur
1229 2805 1345 2884 scriptor
1390 2806 1452 2860 nula

203 2878 296 2946 polim.
315 2875 422 2928 lamed
440 2891 496 2927 rein
531 2874 583 2927 uod
601 2881 725 2944 pertinet,
745 2874 809 2943 quid
844 2870 1077 2936 inconsideratius,
1101 2873 1148 2926 sed
1170 2872 1235 2926 nihil
1253 2873 1325 2927 aliud
1342 2824 1454 2928 vellebat

209 2944 340 3014 estquod
358 2943 466 2997 Curtius
475 2943 520 3021 Hy
540 2959 620 3014 aspen
637 2941 707 2994 inter
723 2941 809 2994 muni·
844 2939 931 2993 dicere
949 2939 1012 2994 nisi:
1038 2939 1133 2994 omissa
1151 2941 1314 3012 reliquarinn
1330 2943 1453 3014 gentium

209 3019 301 3066 menta
317 3011 393 3082 regni
410 3009 509 3064 Persici
527 3018 727 3076 commemorat,
749 3027 809 3064 cuni
843 3007 986 3064 mentione.
1036 3069 1040 3076 ⁴
1067 3051 1083 3072 Ἰ,

211 3079 234 3134 is
252 3088 313 3150 post
331 3079 427 3132 Indum
443 3087 522 3132 eiitra
538 3077 602 3130 fines
620 3076 736 3131 Peisioos
754 3096 808 3130 ma-
879 3078 903 3144 §.
922 3082 946 3129 t.
981 3093 1010 3129 se
1035 3093 1091 3128 esse
1113 3087 1248 3131 venturum
1303 3080 1338 3132 Se
1363 3079 1454 3134 addidi

210 3149 276 3202 net?
293 3147 367 3202 Dicit
385 3147 492 3218 quidem
509 3143 641 3216 Vergilius
659 3143 808 3216 Georg.1v,
844 3143 915 3196 iussu
937 3143 1019 3197 Bern.
1041 3143 1182 3214 utriusque
1205 3155 1234 3199 et
1290 3165 1328 3200 or.
1346 3157 1454 3218 praeter

211 3223 262 3272 210
280 3216 388 3268 Medma
407 3216 567 3284 Hydaspen,
589 3214 634 3266 sed
657 3215 761 3284 poetica
778 3213 809 3266 li·
845 3213 859 3264 1
877 3211 1001 3264 omnium.
1037 3210 1121 3264 Snak.
1143 3213 1177 3266 de
1195 3213 1248 3266 suis
1266 3215 1341 3268 eodd.
1360 3224 1454 3271 sueto·

211 3286 316 3338 bertate
326 3285 433 3336 Medera
447 3283 480 3335 de
494 3281 587 3335 ultimo
601 3281 701 3336 oriente
720 3281 810 3352 appel·
846 3297 902 3344 iani
920 3298 973 3334 non
991 3289 1180 3334 commemorat
1198 3281 1248 3336 nisi
1265 3282 1430 3338 Leidensem.

211 3351 277 3405 lsiis.
297 3351 458 3404 Putamusne
471 3349 588 3403 Dareum
602 3349 741 3402 mentitum
755 3367 811 3404 esse
881 3350 904 3416 §.
933 3355 956 3402 7.
998 3350 1152 3401 Alexander
1184 3352 1226 3404 liis
1257 3351 1315 3421 qui]
1365 3353 1455 3433 Vulgo

211 3419 329 3489 salsoque
347 3419 502 3489 gloriatum,
525 3437 557 3470 nn
577 3418 698 3472 Curtium
715 3419 812 3471 verita-
848 3415 939 3486 inepte
963 3418 997 3470 i‘i's
1021 3417 1077 3470 iuis
1099 3419 1161 3485 qui,
1190 3418 1331 3472 coniuncta
1354 3421 1455 3490 duplici

211 3487 248 3541 tis
265 3503 384 3540 securum
408 3503 526 3553 amnem,
548 3485 576 3539 in
601 3485 673 3538 cuius
700 3486 813 3540 transitu
848 3483 969 3538 lectione.
1010 3483 1056 3538 Sic
1084 3491 1174 3538 tamen
1201 3486 1273 3540 Flor.
1301 3489 1340 3555 A,
1373 3489 1457 3543 ceteri

212 3555 324 3614 inultum
342 3555 472 3608 laborasse
481 3553 638 3608 Macedones
655 3554 740 3618 sciret,
759 3554 811 3608 ism
848 3555 899 3605 hiis
917 3561 965 3606 aut
981 3553 1023 3605 liis
1041 3553 1095 3622 qui.
1202 3611 1204 3616 ,

212 3623 338 3677 hocloco
356 3622 426 3676 inter
443 3623 478 3676 im
498 3621 811 3692 adimentaexpmlitionis
881 3631 904 3673 et
928 3624 999 3690 qaod
1021 3631 1101 3673 rossan
1124 3624 1256 3693 emmens]
1298 3623 1343 3679 Sic
1364 3642 1456 3680 omnes

213 3691 446 3745 commemorasse?
486 3708 509 3744 ic
524 3691 645 3761 equidem
657 3691 812 3757 censuerim,
847 3688 909 3741 libri
927 3687 1027 3750 nostri;
1046 3689 1092 3740 vul
1111 3707 1128 3742 o
1146 3690 1280 3744 omittitur
1297 3703 1329 3746 el.

214 3777 275 3813 nam
298 3760 331 3811 dc
353 3759 507 3828 corrigendo
530 3759 634 3812 nomine
652 3759 812 3813 substituen-
881 3757 1004 3826 Lydiam,
1013 3707 1458 3828 IonaslNonnusussumlibronim

214 3828 302 3897 doque
323 3825 441 3895 Choaspe
459 3828 544 3897 (quod
555 3827 682 3881 Cellarius
700 3837 813 3898 tempta·
848 3844 909 3878 mss.
927 3825 979 3877 fide
1004 3825 1110 3878 deserta
1129 3827 1234 3880 Ioniam
1258 3829 1374 3883 scribere
1397 3849 1458 3884 cum

214 3895 264 3960 vit)
279 3895 441 3964 sutldaspe,
456 3895 527 3966 quod
543 3904 815 3965 nemenexcorrupts
848 3893 964 3964 vulgetis
994 3893 1056 3946 inde
1083 3912 1100 3946 a
1123 3895 1201 3948 Iunio
1227 3897 1287 3949 edd.
1308 3897 1458 3969 ¹(Princeps

215 3963 333 4017 codicum
362 3963 494 4032 scripturn
522 3977 550 4030 ν,
574 3970 589 4017 8
620 3981 670 4034 pro
694 3964 815 4034 Choaspe
849 3962 918 4014 enim
943 3963 1054 4014 Ionidas
1098 3962 1183 4016 Aldus
1211 3965 1316 4032 Ionas).
1362 3967 1459 4020 Potest

216 4031 317 4084 ini-enit
338 4030 466 4084 Valeliius
492 4030 519 4084 in
545 4031 646 4098 epham.
674 4030 725 4085 litt.
753 4032 815 4085 llnl.
850 4029 918 4082 enim
933 4029 1014 4082 etiam
1029 4002 1082 4082 h.l
1103 4032 1175 4100 quod
1194 4047 1272 4102 saepe
1289 4033 1352 4087 alibi
1369 4035 1458 4105 gentis

217 4100 280 4152 anni
301 4105 365 4152 1829
385 4118 410 4169 p.
432 4107 495 4164 139,
515 4098 579 4152 niliil
596 4109 644 4152 est.
851 4117 947 4152 nornen
972 4117 1019 4168 pro
1043 4107 1116 4150 terra
1138 4099 1274 4166 collocari,
1318 4120 1459 4174 numquam

251 4169 274 4234 ξ.
285 4175 308 4220 5.
327 4167 454 4232 Medium,
466 4169 628 4234 Hyrcaniam
638 4171 698 4234 eet]
718 4167 816 4222 Omnes
851 4167 928 4218 liuius
964 4165 1070 4236 quidem
1106 4167 1219 4220 nominis
1255 4119 1356 4223 nullum
1395 4171 1459 4224 milii

220 4235 280 4288 libri
307 4254 366 4287 mss.
392 4245 419 4288 et
448 4236 510 4288 oliiii
541 4235 604 4288 editi
635 4236 662 4286 i'a
688 4237 816 4302 illedianq
851 4235 1001 4304 exemplum
1019 4234 1140 4304 suppetit
1158 4245 1266 4305 praeter
1279 4253 1318 4306 vi,
1336 4247 1348 4291 7
1366 4241 1458 4305 Ionas,

219 4304 265 4356 sed
288 4311 400 4382 apparet
422 4319 480 4356 esni
503 4301 723 4373 praepositionem
750 4304 817 4356 inse-
853 4305 987 4356 Aeolidem
1005 4306 1111 4356 servitio
1129 4307 1277 4358 exenii'mus.

218 4381 311 4444 quenti
342 4371 432 4424 litters
458 4391 482 4426 in
509 4381 598 4426 natniii
627 4388 691 4424 esse.
734 4372 818 4426 Paulo
888 4377 912 4438 5.
930 4377 955 4426 8.
974 4389 1031 4426 asni
1049 4375 1175 4427 transiret
1194 4375 1278 4445 mure]
1307 4377 1459 4432 Transisset
