3336 5066
174 295 248 368 190
652 303 686 366 Q.
713 302 836 354 curru
861 303 946 354 run

169 489 315 585 ancipiti
349 485 445 558 malo
477 489 655 586 oppressi,
687 486 917 562 memorabile
943 497 1066 560 tamen
1091 490 1266 585 proelium
1293 489 1416 564 edunt

169 599 221 672 Ut
246 598 384 695 opinor,
410 599 593 697 ignaviam
618 625 760 698 quoque
791 598 985 672 necessitas
1011 599 1126 689 acuit,
1158 613 1196 674 et
1221 625 1330 698 saepe
1356 601 1416 676 de·

170 711 327 808 speratio
355 713 432 810 spei
458 737 568 786 causa
594 722 659 786 est
704 709 800 785 Nudi
826 708 1158 809 complectebantur
1183 723 1352 802 armatos,
1378 726 1417 786 et
1434 731 1473 780 ae

170 823 307 920 ingenti
333 849 526 922 corporum
552 824 647 895 mole
673 847 795 900 secum
819 821 868 895 ad
894 833 1028 896 terram
1053 820 1295 910 detrahentes,
1323 821 1416 919 ipso

169 959 250 1008 rum
292 937 372 1008 belis
416 935 606 1030 plerosque
644 931 837 1005 fodiebant
895 933 1159 1007 Ariobarzanes
1191 941 1331 1018 tamen,
1364 954 1417 1002 x1.
1434 952 1474 1000 aa

170 1046 282 1120 ferme
317 1043 497 1140 equitibus
529 1053 566 1112 et
598 1041 754 1136 quinque
786 1042 928 1114 milibus
954 1043 1116 1138 peditum
1142 1045 1313 1141 stipatus,
1349 1067 1416 1140 per

168 1155 326 1229 mediam
358 1152 470 1223 aciem
503 1148 740 1222 Macedonum
774 1175 856 1222 cum
890 1152 1005 1223 multo
1037 1175 1185 1223 suorum
1216 1164 1326 1248 atque
1351 1153 1415 1226 ho·

169 1265 278 1338 stium
305 1261 479 1358 sanguine
512 1261 646 1359 erupit,
678 1259 898 1357 Persepolim
928 1261 1071 1352 urbem,
1106 1273 1216 1361 caput
1249 1264 1416 1360 regionis,

169 1398 346 1473 occupare
372 1372 556 1448 festinans.
609 1368 682 1446 Sed
708 1397 731 1446 a
755 1370 964 1445 custodibus
996 1373 1095 1445 urbis
1121 1375 1306 1464 exclusus,
1334 1399 1416 1448 con·
1433 1395 1472 1442 as

169 1485 301 1560 secutis
328 1496 475 1558 strenue
502 1483 682 1573 hostibus,
713 1507 795 1554 cum
821 1482 988 1556 omnibus
1013 1484 1120 1582 fugae
1146 1485 1336 1558 comitibus
1362 1510 1416 1560 re·

168 1607 304 1670 novato
338 1595 475 1694 proelio
517 1591 655 1668 cecidit
717 1589 886 1666 Craterus
918 1619 1076 1691 quoque,
1108 1596 1240 1693 raptim
1275 1597 1418 1693 agmine

170 1717 263 1796 acte,
290 1705 510 1803 supervenit

120 1820 167 1890 17
272 1817 354 1889 Rex
380 1813 510 1886 eodem
536 1814 631 1902 locc,
658 1838 730 1909 quo
764 1812 924 1886 hostium
954 1813 1076 1910 copias
1102 1814 1261 1905 inderet,
1297 1825 1418 1888 castra
1436 1833 1469 1882 v.

169 1925 376 1999 communit.
430 1922 656 2019 Quamquam
691 1923 786 1996 enim
815 1922 973 2020 undique
1008 1925 1123 2021 bigati
1154 1925 1278 1998 hostes
1303 1925 1416 1998 victo

169 2039 260 2110 riam
295 2045 564 2124 concesserant,
601 2043 723 2106 temen
757 2035 938 2133 praealtae
972 2035 1255 2134 praecipitesque
1288 2037 1418 2128 fossae,

168 2147 330 2246 pluribus
356 2148 444 2220 locis
471 2145 643 2235 obiectae,
670 2145 889 2243 abruperant
913 2144 991 2234 iter,
1018 2147 1222 2243 sensimque
1248 2157 1286 2220 et
1312 2157 1416 2220 caute

171 2256 479 2356 progrediundum
506 2266 594 2345 erat,
620 2257 693 2328 iam
717 2280 791 2328 non
816 2255 985 2346 hostium,
1012 2255 1078 2330 sed
1104 2257 1265 2330 locorum
1291 2257 1417 2331 fraude

172 2378 349 2466 suspecta
389 2367 616 2442 Procedenti
648 2367 681 2438 ei
707 2367 847 2439 litterae
880 2366 1082 2440 redduntur
1108 2393 1130 2440 a
1156 2365 1333 2459 Tiridate,
1358 2387 1450 2441 cua

172 2480 277 2554 stcde
304 2481 475 2578 pecuniae
501 2479 636 2576 regiae,
668 2477 881 2568 indicantes,
914 2503 993 2568 cca,
1019 2477 1080 2574 qui
1106 2479 1143 2549 in
1169 2479 1259 2551 urbe
1286 2489 1416 2566 essent,

173 2591 296 2664 audito
335 2592 411 2664 eius
450 2589 628 2678 adventu,
672 2587 825 2686 diripere
866 2589 959 2662 velle
1001 2589 1190 2662 thesauros
1235 2587 1417 2663 dimissos:

171 2831 287 2894 utroque
309 2825 379 2894 apud
403 2821 644 2892 snakenburgiurn.
678 2821 779 2901 Vulga-
847 2823 963 2890 diripere
972 2823 1036 2875 velle
1044 2825 1180 2876 thesauros
1190 2825 1326 2876 dimissos:
1338 2841 1418 2894 prop.

172 2899 231 2946 tum
253 2909 314 2962 erqo
340 2889 779 2972 undiqueinBem.AetIe1d.
813 2893 950 2958 occupare]
969 2889 1079 2961 Duplex
1093 2891 1260 2944 estcodicunr
1276 2890 1419 2961 scriptura:

169 2959 309 3016 inventum
326 2969 382 3027 est,
400 2977 422 3014 ει
439 2959 505 3012 fides
522 2958 667 3012 silentibus.
813 2957 945 3012 unseuim
951 2959 1086 3029 percellas
1101 2958 1231 3030 integrior
1244 2959 1331 3028 (Leid.
1341 2960 1419 3015 Voss.

207 3031 230 3098 ξ.
248 3035 290 3084 8³.
317 3028 370 3082 XL
381 3029 471 3097 senne
488 3027 637 3147 αῃιίιίὸιιεέι
654 3027 779 3096 Xserme
815 3034 827 3080 1
846 3026 963 3081 ΒΜΔ
979 3027 1150 3094 Elondssc)
1169 3039 1197 3082 et
1214 3029 1274 3082 edd.
1292 3027 1419 3098 antiquae

173 3100 250 3167 equit.
284 3097 365 3150 Bern.
391 3097 416 3149 B
440 3095 512 3149 Flor.
535 3094 610 3147 Dar
640 3094 654 3146 1
678 3094 734 3148 l'al.
754 3103 778 3162 1,
814 3097 895 3148 babet
912 3097 1029 3166 diripere
1046 3099 1109 3150 velle
1123 3099 1275 3162 thesaurum
1287 3115 1418 3166 propera-

173 3166 248 3235 qucd
264 3165 392 3219 volebant
416 3163 528 3217 intelli'
555 3167 640 3216 decem
664 3165 779 3230 milibus,
813 3173 852 3217 ret
885 3182 1012 3234 occupare
1043 3167 1179 3218 thesauros
1211 3167 1341 3218 ditaturos.
1385 3165 1419 3220 Iu

173 3241 204 3286 ut
220 3233 301 3286 etiam
319 3233 346 3286 in
364 3231 435 3286 Flor.
455 3231 481 3285 G
519 3231 550 3284 'L
569 3248 630 3283 cum
648 3239 712 3285 note
729 3249 778 3284 nu·
813 3231 907 3302 quibus
931 3232 1019 3286 verbis
1037 3236 1172 3286 thesauros
1190 3251 1219 3285 re
1255 3233 1319 3286 titos
1339 3249 1417 3288 nemo

172 3301 238 3354 meri
256 3300 395 3354 millenarii
412 3309 545 3354 exaratur.
580 3298 698 3363 Frtmtra,
717 3317 778 3352 nam
812 3300 913 3367 tulerit,
940 3299 1032 3371 itaque
1049 3301 1154 3356 Medius
1172 3311 1200 3354 et
1241 3301 1336 3355 reinsb.
1355 3304 1419 3355 thes.

173 3369 346 3424 Ariobarzani
370 3367 446 3422 initio
465 3384 571 3439 pugnae
588 3367 668 3420 luisse
676 3367 778 3421 Diodo-
812 3371 935 3424 dimissos
952 3369 1132 3436 sustulerunt,
1159 3387 1243 3440 eaque
1265 3370 1337 3440 vulg.
1355 3370 1419 3424 scri·

172 3455 217 3490 nra
244 3437 327 3492 tradit
352 3445 499 3503 trecentos,
524 3434 653 3489 Arrianus
680 3436 778 3506 septin-
811 3448 893 3507 ptura
916 3437 989 3490 sacta
1011 3447 1053 3490 est
1079 3456 1158 3518 quam
1184 3456 1235 3508 ego
1258 3454 1365 3508 quoquc
1391 3439 1419 3491 in

172 3514 269 3576 gentos
286 3505 389 3576 equites
406 3503 550 3558 universos.
812 3506 901 3576 priora
918 3505 982 3558 edit.
1000 3523 1109 3560 servavi.
1143 3511 1239 3560 Verum
1257 3507 1341 3559 ultera
1359 3525 1419 3594 para

208 3574 402 3644 Gap.1⁷,§.l.
419 3574 667 3640 castrccommucit]
687 3571 777 3642 Vulgo
812 3573 930 3628 codicum
956 3573 1047 3629 Pell
1076 3579 1153 3628 Voss.
1171 3582 1186 3628 2
1205 3575 1285 3627 Bcrn.
1304 3576 1327 3628 B
1346 3574 1419 3628 llor.

223 3650 315 3712 tquam
333 3641 423 3695 Iunius
440 3658 475 3694 ex
492 3641 550 3695 cod.
580 3639 645 3693 uelis
658 3639 777 3694 eatFlor.
811 3641 929 3696 DEFHI
946 3643 1056 3696 exbibet
1073 3647 1188 3712 dirpere
1205 3647 1267 3696 vello
1282 3646 1418 3696 tlescuror

171 3659 254 3764 bobio
270 3711 354 3777 dedit,
373 3711 546 3764 communivit.
610 3707 675 3779 liqui
689 3717 777 3762 tamen
813 3713 943 3774 dimissos,
962 3711 1027 3765 nibil
1044 3721 1182 3782 praeterea
1198 3721 1226 3765 et
1243 3712 1344 3765 omissis
1359 3729 1418 3765 rer-

171 3795 263 3834 cmnes
281 3781 427 3832 communit.
812 3779 852 3833 bia
863 3791 1021 3849 properaret
1039 3798 1174 3850 occupme.
1207 3780 1283 3834 Unus
1301 3778 1373 3834 Flor.
1392 3777 1419 3833 G

239 3849 430 3917 egrediendum
457 3849 525 3914 erat]
573 3845 619 3900 Sic
650 3844 730 3898 Bern.
752 3846 778 3897 A
812 3855 950 3919 utrmque
975 3847 1132 3918 scripturam
1150 3849 1187 3902 sic
1204 3847 1354 3918 coniungit:
1377 3850 1418 3902 di-

172 3915 245 3970 For.
266 3915 290 3968 B
315 3923 344 3968 et
366 3917 393 3968 Δ
423 3916 456 3967 ab
484 3914 568 3966 altera
594 3913 641 3966 sed
663 3913 779 3991 ‘antiqua
800 3918 898 3985 ,ripere
925 3919 987 3970 velle
1005 3919 1068 3972 tlara.
1089 3919 1225 3982 dimissos,
1244 3936 1306 3986 quos
1321 3935 1417 3996 prope-

172 4001 260 4036 menu.
306 3983 381 4036 Idem
417 3982 444 4036 in
476 3981 670 4051 snakenburgii
705 3980 778 4034 libris
813 3995 885 4038 raret
911 4003 1046 4054 occrrpcre.
1092 3986 1167 4049 Quae
1199 4003 1260 4038 cum
1289 3984 1328 4038 ite
1354 3994 1417 4052 sint,

172 4051 321 4110 melioribus
330 4051 410 4104 fuisse
423 4058 501 4121 puto,
519 4049 643 4120 quoniam
653 4048 679 4102 in
689 4049 780 4102 veriet.
815 4053 899 4106 omnis
925 4053 987 4107 clim
1013 4053 1132 4109 conlusio
1150 4052 1212 4106 mibi
1232 4053 1338 4133 quidem
1356 4062 1419 4107 nata

172 4119 293 4174 lectionis
303 4119 383 4174 MSS.
393 4119 421 4172 in
434 4117 585 4186 universum
598 4117 671 4171 citat
692 4117 780 4188 Vulgo
813 4121 920 4174 videtur
937 4122 1077 4176 omissione
1094 4122 1168 4175 rcrbi
1187 4124 1322 4190 dimissor,
1347 4125 1419 4192 quod

167 4191 392 4259 progrediendum
410 4198 475 4240 erut.
813 4207 873 4243 cum
890 4189 918 4243 in
935 4189 992 4244 aliis
1010 4189 1062 4242 alio
1081 4189 1138 4244 loco
1157 4192 1301 4243 adderetur
1319 4190 1419 4260 duplex

208 4261 231 4326 ς.
250 4263 274 4310 2.
310 4259 415 4310 custode
428 4257 574 4324 percunice
598 4259 698 4329 regiae]
734 4257 780 4312 Sic
813 4258 943 4328 scriptura
968 4259 1068 4312 extitit.
1104 4259 1269 4313 Conciliandi
1287 4259 1418 4312 rationem

174 4342 266 4380 omues
293 4324 379 4379 nostri
405 4325 482 4378 codd.
507 4333 535 4377 et
561 4324 635 4378 leid.
661 4327 739 4380 Voss.
765 4336 774 4379 1
813 4343 870 4380 eam
889 4345 968 4397 quum
987 4327 1057 4380 Flor.
1076 4326 1102 4382 G
1119 4328 1178 4380 iniit
1196 4327 1274 4397 paulo
1294 4327 1419 4381 artificio-
1524 4364 1526 4368 -

175 4411 235 4449 curn
253 4393 328 4448 Mod.
347 4411 396 4464 prc
415 4393 487 4463 vulg.
505 4395 595 4462 regiae
607 4398 745 4463 pecuniae.
812 4394 908 4448 sicrem
934 4395 1065 4450 existimo.
1101 4395 1172 4450 Satis
1197 4397 1301 4450 ridetur
1319 4405 1418 4450 utram·
