3258 5120
495 679 543 780 Q.
582 677 811 763 CURTII
849 678 1003 764 RUFI

727 889 775 940 Dii

632 1043 882 1112 GESTIS

155 1213 161 1226 ’
247 1187 858 1380 ALEXANDRI
914 1255 1244 1376 Maeui

650 1693 791 1759 LIBER
807 1693 854 1758 X.

595 2166 918 2229 ARGUMENTUM.

223 2355 264 2420 (1)
281 2351 352 2404 Item
377 2349 509 2406 Cleander
525 2349 659 2421 ceterique
684 2349 811 2422 pacienti
837 2349 985 2421 copiarum,
1012 2365 1080 2420 quae
1106 2347 1133 2402 in
1154 2345 1244 2402 Media
1269 2345 1375 2400 relictae

136 2427 260 2496 fumant,
279 2426 396 2496 evooeti,
415 2427 542 2482 scelerum
565 2435 595 2480 et
612 2426 774 2498 flagitiorum
791 2426 818 2480 in
835 2425 973 2498 provincia
993 2421 1163 2480 'admissorum
1180 2440 1278 2496 poenas
1294 2421 1375 2474 dedc-

136 2513 208 2582 runt.
244 2510 285 2583 (2)
303 2504 443 2560 Nearchus
460 2513 490 2558 et
507 2503 672 2560 Onesicritus
689 2503 770 2558 litora
786 2502 873 2558 Rubri
889 2503 969 2558 maris
985 2502 1104 2573 legentes
1120 2519 1180 2556 cum
1197 2500 1225 2554 in
1241 2499 1375 2570 regionem

137 2580 294 2636 Carmaniae
300 2581 452 2650 uenissent,
470 2580 568 2635 relictis
586 2580 696 2634 navibus
713 2580 748 2634 ad
765 2597 854 2652 regem
871 2580 1025 2646 mcendunt,
1043 2587 1071 2632 et
1083 2579 1202 2632 referunt
1218 2579 1252 2630 de
1269 2575 1376 2630 mirabi-

136 2656 204 2712 libus
223 2658 334 2714 Oceani.
370 2659 420 2714 llle
437 2660 472 2712 ad
489 2657 598 2712 classem
619 2655 741 2710 remissos
766 2674 815 2728 per
831 2657 916 2712 anum
933 2655 1069 2710 Persicum
1094 2663 1123 2708 ct
1139 2652 1283 2724 Euphratis
1309 2652 1377 2706 ostia

135 2734 304 2805 Babylonem
330 2743 471 2806 penetrare
488 2733 577 2801 iussit,
605 2735 646 2800 (8)
664 2735 811 2804 eodemque
828 2741 950 2803 tempore
975 2731 1119 2804 longinqua
1136 2729 1244 2788 consilia
1261 2729 1374 2801 agitans,

135 2811 212 2864 utin
229 2811 369 2882 Euphrate
384 2820 414 2866 ct
430 2810 497 2864 mari
513 2809 601 2864 medio
618 2805 711 2880 iniens
729 2809 817 2864 classis
834 2810 1017 2863 aedificaretur
1033 2808 1178 2880 imperavit

206 2889 249 2958 (4)
269 2888 337 2944 Cum
354 2888 507 2958 Persagada
532 2886 666 2954 venisset,
693 2886 815 2956 Orsines,
841 2896 949 2958 satrapa
974 2887 1102 2958 regionis,
1129 2894 1158 2940 et
1178 2885 1235 2956 regi
1261 2894 1290 2939 et
1307 2888 1376 2954 regis

137 2964 226 3018 antitis
243 2974 353 3036 praeter
369 2985 450 3020 unum
465 2965 576 3036 Bagoan
592 2963 707 3018 maxima
723 2965 792 3018 dona
807 2964 912 3019 obtulit
940 2963 1027 3028 Quam
1044 2966 1079 3018 ob
1097 2979 1200 3018 causam
1217 2979 1278 3015 eum
1294 2961 1377 3031 spado
1486 2971 1487 2974 ’

136 3041 208 3111 apud
224 3057 316 3112 regem
334 3041 499 3107 criminatus,
529 3045 569 3108 (5)
588 3057 649 3095 arm
665 3042 728 3094 data
745 3041 882 3097 occasione
908 3040 989 3094 etiam
1005 3038 1113 3094 mimine
1129 3037 1236 3110 spoliati
1254 3036 1319 3107 Cyri
1336 3053 1377 3090 se-

136 3116 220 3188 pulcri
238 3127 267 3171 et
291 3117 367 3188 regni
384 3117 499 3189 appetiti
520 3116 711 3185 insimulasset,
738 3118 864 3188 perfecit,
891 3125 921 3171 ut
938 3115 1066 3188 supplicio
1082 3116 1247 3184 alliceretur,
1274 3113 1325 3167 iam
1343 3113 1376 3166 ad

137 3193 273 3248 saevitiam
290 3205 385 3249 contra
401 3194 542 3266 pristinum
559 3211 660 3248 morem
676 3193 819 3248 inclinante
835 3193 998 3248 Alexandro.

206 3276 247 3339 (a)
267 3275 366 3326 Auctor
383 3275 504 3342 deinceps
522 3276 554 3326 de
574 3272 705 3326 Graeciae
722 3273 831 3326 nectibus
854 3275 890 3341 (et
909 3273 1001 3325 itinere
1018 3269 1088 3340 repit
1106 3285 1187 3339 usqae
1205 3269 1276 3322 Susa
1294 3269 1375 3321 conti·

137 3351 229 3418 nacto)
249 3359 273 3403 et
291 3350 409 3418 Harpali
419 3348 493 3417 sapa
519 3357 686 3418 exposuerat,
710 3351 758 3402 ted
773 3351 869 3402 lactata
895 3351 941 3402 loc
959 3349 1013 3402 loco
1031 3355 1081 3414 ert,
1104 3364 1121 3400 a
1139 3346 1179 3398 Ιο.
1196 3345 1374 3398 Freinshemio

137 3427 278 3478 secandam
295 3443 336 3492 ea,
355 3443 422 3496 quae
439 3425 574 3478 Diodorus
592 3427 718 3493 tradidit,
745 3426 829 3495 (qaod
844 3427 882 3478 ad
897 3425 1048 3494 Harpalum
1071 3425 1173 3494 quidem
1187 3423 1312 3490 pertinet)
1331 3440 1375 3474 ex-

133 3503 215 3571 pleta.
251 3503 293 3572 (7)
310 3502 382 3555 Nam
400 3519 461 3555 curn
478 3501 631 3555 Alexander
653 3504 688 3556 ob
705 3511 841 3572 receptum
858 3500 1006 3572 Harpalum
1028 3497 1127 3551 bellum
1149 3497 1246 3550 inferre
1263 3490 1376 3551 Atheni·

129 3578 242 3632 ‘ensibus
260 3579 432 3644 decrevisset,
454 3578 530 3632 illum
547 3577 654 3631 interim
669 3579 781 3633 Athenis
798 3578 914 3632 eiectum
937 3586 967 3630 et
984 3592 1001 3628 a
1017 3573 1126 3629 Graecis
1148 3572 1283 3641 militibus,
1309 3591 1376 3645 quos

138 3657 258 3709 mercede
275 3657 450 3722 conduxerat,
469 3655 638 3709 interiectum
655 3654 788 3725 cognorit.
814 3655 908 3726 Itaque
926 3653 996 3708 bello
1014 3651 1109 3706 omisso
1125 3649 1265 3722 imperarit
1278 3658 1375 3719 tamen,
1403 3652 1409 3659 “

25 3746 27 3755 ·
138 3741 167 3786 ut
183 3731 274 3786 exules
291 3735 319 3786 in
337 3733 460 3786 civitates
477 3750 536 3786 suas
554 3731 750 3803 reciperentur,
777 3732 820 3786 cui
837 3731 924 3786 edicto
946 3748 1005 3785 cum
1030 3728 1111 3783 ceteri
1128 3735 1266 3799 parerent,
1291 3729 1375 3780 Atho-

138 3809 240 3863 nicuses
256 3808 467 3880 refragabantur.
503 3813 545 3878 (8)
563 3809 637 3864 Susis
656 3813 726 3878 (vere
743 3828 768 3862 a.
787 3826 812 3862 a
833 3807 895 3864 Otr.
915 3818 970 3862 act.
988 3809 1060 3875 att.)
1078 3824 1137 3860 eum
1154 3803 1249 3867 stativa
1267 3799 1376 3858 haberet

26 3915 31 3944 a
138 3902 184 3940 rex
201 3889 276 3954 (nam
293 3887 333 3940 air
349 3888 450 3940 videtur
467 3905 524 3940 cam
542 3887 662 3940 Diodoro
679 3902 804 3942 narrasse
824 3886 941 3952 Curtius,
959 3885 1034 3954 loape
1051 3883 1128 3936 aliter
1145 3892 1220 3954 atque
1230 3884 1374 3948 Arrianae,

139 3964 183 4034 qai
200 3965 308 4016 eandm
325 3981 379 4016 rem
399 3964 451 4032 Opi
468 3965 506 4016 ad
521 3964 623 4031 Tiar-im
640 3966 769 4017 occidisse
787 3965 880 4032 tradit)
899 3961 1023 4015 maiorem
1040 3967 1144 4030 partem
1161 3957 1257 4012 veteris
1274 3955 1376 4011 exerci-

139 4049 180 4092 tus
198 4038 311 4106 dicauit,
338 4039 425 4094 soluto
442 4039 514 4110 prius
532 4039 713 4093 liberalissime
739 4039 850 4094 militum
867 4055 928 4092 aere
944 4037 1037 4092 alieno.
1073 4041 1113 4103 (9)
1131 4035 1186 4090 Sed
1209 4051 1269 4089 cum
1286 4034 1375 4088 Mace-

138 4117 217 4170 dones
235 4133 326 4188 regern
351 4117 379 4171 in
396 4115 461 4171 Asia
486 4133 622 4171 remanere
648 4115 716 4170 velle
741 4115 944 4182 intellexissent,
971 4112 1101 4168 seditione
1125 4121 1199 4180 orta,
1226 4110 1374 4164 missionem

138 4210 228 4246 omnes
245 4193 373 4247 obstinati
389 4193 526 4265 postulare
543 4191 688 4264 incipiunt,
707 4209 756 4246 nec
773 4193 842 4262 regis
859 4191 1037 4246 admonitione
1054 4198 1199 4242 mutantur.
1228 4192 1284 4254 (10)
1304 4187 1374 4240 Tum

138 4268 180 4322 ille
197 4270 315 4339 graviter
332 4288 377 4325 eos
394 4270 527 4342 increpat,
551 4281 579 4323 et
597 4271 703 4323 deserto
722 4287 784 4340 rege
802 4288 850 4323 suo
868 4270 977 4322 domum
994 4265 1080 4322 redire
1098 4265 1185 4320 iubet:
1208 4263 1330 4318 Asiaticis
1347 4280 1375 4316 se

138 4345 262 4400 militibus
280 4356 438 4402 contentrnn
456 4349 519 4401 iore.
557 4350 615 4417 (ll)
635 4346 755 4416 Cumque
771 4347 918 4400 desiluisset
934 4347 968 4400 de
985 4342 1118 4410 tribunali,
1137 4340 1310 4397 concitatores
1328 4339 1375 4392 ali-

139 4439 203 4494 quos
221 4441 301 4480 manu
319 4427 520 4497 comprehensos
537 4423 656 4492 abducit,
675 4424 768 4480 ceteris
786 4423 958 4478 admiratione
975 4439 1006 4476 ac
1023 4420 1114 4475 dolore
1132 4417 1308 4490 torpentibus,
1327 4433 1376 4471 nec

1154 4509 1202 4560 81⁸
