3324 5054
200 332 272 402 100
623 407 629 418 ,
669 347 703 410 c.
731 347 856 400 cunm
874 339 965 400 ‘nuri
1019 311 1024 320 ’

195 529 310 616 biem,
350 527 422 600 iam
455 537 535 603 tum
570 534 776 631 peregrinos
810 535 900 606 ritus
935 559 1030 607 nova
1072 535 1251 608 subeunte
1285 533 1439 606 fortuna.

196 639 268 713 Per
300 641 393 713 telos
426 641 521 714 enim
553 644 719 742 spirantis
752 645 829 716 lora
861 645 1010 714 traiecta
1044 655 1144 730 sunt,
1181 645 1441 738 religatumque

196 749 244 822 ad
270 776 415 826 currum
440 763 586 827 traxere
612 755 706 825 circa
730 753 857 822 urbem
883 751 982 844 equi:
1010 750 1186 844 gloriante
1213 773 1307 846 rege,
1322 752 1441 824 Achil·

195 863 273 955 len,
301 889 420 963 aquo
447 889 562 962 genus
592 864 669 958 ipse
704 858 914 944 deduceret,
950 859 1127 930 imitatum
1154 883 1192 930 se
1220 883 1298 932 esse
1325 884 1443 956 poena

197 973 234 1047 in
266 975 408 1048 hostem
440 971 624 1069 capienda.
677 965 845 1041 Cecidere
873 967 1063 1040 Persarum
1089 968 1323 1067 Arabumque
1348 971 1443 1043 cirea
1460 989 1498 1038 ao

197 1084 324 1159 decem
349 1083 464 1154 milia:
492 1105 559 1152 nec
587 1076 842 1150 Macedonibus
868 1078 1054 1150 incruenta
1088 1080 1240 1152 victoria
1264 1084 1340 1155 fuit.
1369 1078 1443 1156 Ob·

195 1193 287 1270 sidio
322 1200 420 1265 certe
456 1215 531 1262 non
566 1199 642 1261 tam
676 1189 836 1261 claritate
875 1189 973 1262 urbis
1005 1188 1194 1261 nobilitata
1228 1203 1299 1282 est,
1335 1218 1444 1288 quam

87 1297 92 1306 ’
196 1302 378 1400 geminato
405 1299 564 1398 periculo
591 1300 694 1398 regis.
1378 1297 1382 1302 ’

301 1408 372 1501 Qui
395 1412 605 1510 Aegyptum
639 1410 738 1483 adire
762 1411 951 1500 festinans,
991 1412 1178 1509 Amntan
1211 1435 1293 1483 cum
1320 1410 1445 1484 decem

197 1521 403 1598 triremibus
437 1524 475 1595 in
501 1520 748 1595 Macedoniam
778 1519 826 1592 ad
856 1522 1131 1617 inquisitionem
1153 1545 1330 1595 novorum
1354 1522 1444 1593 mili·

196 1642 275 1705 turn
308 1635 414 1707 misit
482 1629 645 1727 Namque
685 1631 791 1702 etiam
824 1630 989 1702 secundis
1025 1634 1274 1705 atterebantur
1308 1633 1443 1731 copiae,
1462 1653 1499 1700 ar

197 1741 491 1839 devictarumque
524 1741 687 1838 gentium
719 1740 821 1811 militi
855 1741 971 1814 minor
998 1766 1105 1836 quam
1131 1741 1327 1815 domestico
1353 1741 1444 1816 fides

76 1899 78 1902 -
196 1852 409 1925 habebatur.

113 1983 114 1988 ’
146 1965 194 2036 29
300 1963 481 2062 Aegyptii,
508 1961 592 2034 olim
618 1959 808 2036 Persarum
840 1961 967 2058 opibus
993 1962 1136 2052 infensi,
1173 1963 1303 2059 quippe
1329 1983 1499 2037 avarem.

197 2083 235 2147 et
261 2076 416 2172 superbe
448 2073 691 2171 imperitatum
723 2071 790 2143 sibi
821 2095 899 2144 esse
934 2070 1146 2162 credebant,
1181 2071 1229 2144 ad
1255 2098 1355 2170 spem
1382 2074 1444 2146 ad·

196 2193 328 2256 ventus
354 2185 430 2256 eius
456 2193 647 2257 erexerant
672 2182 818 2270 animos,
844 2191 970 2280 utpote
997 2181 1058 2278 qui
1076 2180 1275 2280 Amyntam
1301 2209 1444 2281 quoque

195 2294 438 2392 transfugam,
473 2305 511 2367 et
542 2318 624 2365 cum
657 2291 817 2390 precario
850 2292 999 2389 imperio
1034 2294 1253 2383 venientem,
1279 2294 1364 2366 laeti
1389 2321 1443 2368 re·

197 2404 386 2502 cepissent
439 2403 553 2503 Igitur
581 2403 708 2501 ingens
743 2401 934 2476 multitudo
962 2401 1163 2493 Pelusium,
1197 2428 1269 2500 qua
1294 2404 1478 2479 intrato-a

197 2539 259 2588 rus
272 2512 475 2605 videbatur,
487 2522 715 2588 convenerat.
754 2512 877 2610 Atque
903 2515 961 2586 ille
988 2516 1141 2612 septimo
1169 2513 1226 2586 die
1251 2525 1443 2612 postquam

196 2650 220 2697 a
246 2619 345 2698 Gaza
371 2626 491 2723 copias
518 2633 697 2713 moverat,
732 2624 768 2697 in
793 2625 975 2722 regionem
1000 2625 1177 2723 Aegypti,
1212 2648 1321 2720 quarn
1346 2651 1443 2698 nunc

198 2733 326 2808 Castra
357 2733 557 2807 Alexandri
592 2743 742 2824 vocant,
777 2737 949 2832 pervenit.
1016 2733 1175 2824 Deinde,
1215 2733 1477 2830 pedestribuss

196 2845 307 2943 copiis
321 2844 505 2921 Pelusium
531 2855 652 2941 petere
678 2844 793 2935 iussis,
815 2846 891 2940 ipse
917 2869 998 2916 cum
1025 2844 1196 2941 expedita
1222 2843 1444 2919 delectorum

196 2982 308 3030 manu
333 2953 414 3028 Nilo
441 2979 546 3027 amne
572 2965 698 3030 vectus
724 2966 795 3030 est:
821 2977 888 3028 neo
914 2954 1114 3029 sustinuere
1140 2955 1338 3030 adventurn
1365 2957 1442 3030 eius

197 3123 315 3177 cordium
324 3123 400 3175 verrit
413 3138 461 3191 pro
471 3121 584 3241 mpuod
592 3129 634 3175 cst
643 3113 759 3188 sertim,
768 3087 802 3174 si-
839 3127 852 3174 1
871 3121 946 3174 adiici
965 3130 1050 3175 tamen
1067 3099 1129 3193 post
1146 3124 1337 3176 caedamur:
1358 3122 1444 3176 tradit

197 3199 244 3245 cut
264 3196 354 3258 v,12
377 3191 421 3242 ira
443 3191 505 3242 dein
525 3207 538 3242 a
560 3191 589 3242 in
606 3191 705 3242 rubiam
727 3207 802 3243 υενεα
837 3188 918 3242 etiam
948 3189 974 3242 in
1007 3190 1077 3245 Flor.
1109 3191 1211 3245 Heinsii
1238 3191 1275 3244 ric
1304 3191 1444 3244 inventum

195 3259 335 3312 enrinentia
353 3275 422 3311 taxa
440 3259 569 3326 complexi
590 3289 624 3298 -
640 3259 803 3311 conabantur
837 3273 894 3310 esse
917 3257 1133 3379 Snalrenbuffiiua
1179 3258 1220 3312 cui
1243 3259 1322 3310 fidem
1344 3259 1443 3312 habere

197 3329 348 3380 oscendere.
837 3343 891 3380 non
913 3345 1024 3396 possiun.
1093 3344 1124 3380 ec
1149 3326 1242 3396 utique
1268 3325 1354 3397 placet
1375 3327 1402 3380 h.
1424 3327 1443 3380 l.

249 3401 316 3448 .29.
354 3394 475 3446 Achillen
516 3410 546 3446 ro
573 3395 699 3447 Achillem
721 3393 802 3446 Bern.
838 3404 939 3459 iunior,
967 3396 1039 3463 quod
1065 3393 1198 3464 oppositio
1226 3412 1278 3448 non
1300 3396 1335 3447 sit
1376 3395 1445 3449 uelis

196 3463 223 3516 A
263 3462 311 3516 lor.
328 3462 389 3515 AB.
406 3461 481 3514 Leid.
526 3479 577 3515 oss.
598 3471 625 3528 l,
644 3478 803 3532 quamquem
837 3478 879 3514 ex.
897 3479 936 3530 gr.
954 3476 1014 3527 vn,
1036 3469 1069 3515 65
1093 3465 1171 3515 etiam
1193 3465 1222 3514 in
1238 3479 1307 3530 pace
1324 3413 1386 3516 tadi
1402 3474 1444 3516 tu·

198 3533 327 3584 Achillem
344 3544 415 3596 vm,
445 3535 492 3595 16,
515 3535 547 3582 26
575 3538 727 3583 constanter
743 3529 804 3582 libri
837 3547 894 3581 meu
912 3532 972 3582 iura
990 3542 1129 3584 servamur
1146 3530 1360 3599 etmagisetiam
1369 3529 1442 3584 alibi.

196 3613 257 3652 mss.
275 3606 394 3652 tuentur.
421 3596 490 3650 Item
526 3599 711 3665 ostAmyntaa
724 3597 803 3649 iidem
872 3596 938 3667 Cap.
955 3603 998 3663 29,
1017 3600 1041 3665 §-
1061 3605 1084 3650 1.
1118 3615 1175 3651 arsa
1192 3599 1342 3668 credebaut]
1370 3598 1443 3652 Ulti-

195 3671 252 3720 iere
269 3666 344 3722 codd.
363 3675 469 3737 praeter
519 3683 557 3719 or.
574 3665 613 3731 B,
639 3666 686 3717 sed
703 3665 730 3717 in
747 3681 802 3734 seq.
837 3683 908 3718 murn
931 3666 1039 3718 verbum
1057 3673 1192 3736 tamquam
1209 3683 1226 3718 a
1243 3674 1332 3718 mente
1350 3677 1443 3720 ructo-

196 3753 255 3806 csp.
273 3733 346 3788 nulla
363 3733 485 3786 varietas.
836 3732 873 3785 ris
894 3732 1008 3786 alienum
1035 3733 1113 3787 eiecit
1139 3733 1261 3800 Medius,
1292 3751 1346 3787 nou
1370 3735 1442 3788 enirn

232 3806 255 3872 ς.
273 3809 316 3857 tl.
339 3819 451 3870 nomque
474 3801 553 3853 etium
570 3803 691 3854 emundis
709 3809 802 3853 attere-
836 3801 977 3854 credidisse
993 3810 1107 3868 tanturn,
1125 3803 1173 3855 sed
1189 3810 1263 3855 certo
1275 3801 1443 3872 sibiparsua-

197 3871 305 3942 tantm]
346 3869 460 3922 Addunt
489 3868 533 3920 vul
598 3871 724 3938 proeliis,
756 3870 803 3921 sed
837 3868 907 3922 sisse.
942 3870 1043 3922 Verum
1066 3889 1118 3924 non
1144 3871 1210 3924 baec
1234 3887 1313 3923 esum
1335 3881 1377 3924 ast
1394 3872 1443 3924 sed

196 3955 291 3993 vocem
312 3937 385 3991 illam
409 3935 540 3990 omnes-li
560 3935 582 3988 ri
604 3937 686 3990 nostri
707 3945 736 3990 et
757 3936 802 4006 qui
838 3936 955 4007 ineptum
972 3936 1156 4011 βραχυλογίας
1178 3938 1307 4004 studium,
1331 3957 1384 4008 quo
1413 3938 1442 3992 in

198 4023 215 4059 a
240 4005 323 4059 Snnk.
354 4005 444 4060 collati
473 4012 536 4056 sunt
567 4004 704 4084 ignorant,
731 4007 802 4057 unde
837 4005 903 4058 tales
934 4007 1128 4060 enuntiationes
1159 4006 1265 4060 Modius
1297 4016 1440 4076 grassatur.

198 4091 251 4128 non
268 4073 370 4127 incerte
391 4071 604 4142 interpolationis
620 4071 732 4142 suspicio
749 4073 801 4126 ori-
835 4073 905 4126 Vide
922 4075 955 4126 ad
974 4089 1022 4140 111,
1042 4082 1066 4141 6,
1087 4082 1110 4128 6.

197 4151 251 4196 tur.
287 4143 409 4195 Secunda
437 4159 486 4212 pro
516 4141 594 4194 rebus
619 4140 739 4194 secundis
761 4141 801 4194 di·
870 4145 892 4209 ἓ.
911 4148 936 4195 2.
970 4161 1021 4212 qua
1040 4145 1187 4194 intraturus
1204 4143 1351 4213 videbatur]
1384 4145 1442 4196 Ad·

197 4217 301 4274 errntur,
319 4209 379 4263 vide
396 4209 447 4262 lex.
465 4217 495 4262 et
512 4209 545 4261 cf.
563 4208 620 4262 Liv.
637 4223 749 4275 xxvm,
769 4217 798 4261 ll
835 4210 903 4262 dunt
921 4211 1000 4279 vulgo
1018 4229 1077 4272 rex,
1096 4210 1177 4263 etium
1193 4211 1264 4279 quod
1283 4211 1362 4264 miror
1381 4212 1441 4265 blo-

198 4297 256 4332 rum
273 4281 386 4332 cilinium
398 4279 570 4330 secundorum
584 4279 801 4345 advaaommqae
835 4278 907 4344 dius,
930 4297 991 4330 narn
1013 4279 1040 4330 in
1058 4278 1130 4330 libris
1149 4296 1207 4330 mss.
1226 4279 1346 4331 omnibus
1364 4281 1440 4333 deest

197 4365 295 4401 cousus
322 4349 351 4400 in
377 4349 438 4399 deos
465 4356 599 4398 verterent.
639 4344 693 4397 Sed
719 4361 800 4398 anno-
835 4353 864 4398 ct
881 4355 969 4415 potest
987 4345 1098 4415 intelligi
1121 4355 1153 4397 ut
1175 4346 1324 4416 saepissime
1345 4347 1440 4402 iubae

198 4416 308 4470 tandum
326 4415 353 4468 in
370 4415 452 4468 Bern.
463 4417 489 4466 A
507 4431 523 4466 a
539 4432 580 4483 pr.
593 4413 714 4466 molaeid
726 4413 799 4466 l'osa
835 4414 905 4467 omni
923 4413 1032 4467 historin
1049 4414 1215 4484 intelligitur.
1246 4415 1351 4469 Deinde
1364 4427 1440 4486 post·
