3300 5044
302 262 374 350 516
763 269 798 332 Q·
833 267 958 322 cunin
987 269 1072 321 auri

300 457 485 531 clamitans
523 452 712 552 suffragari
743 454 957 554 reipublicae
989 453 1034 528 de
1064 478 1161 526 novo
1192 477 1276 549 rege
1311 451 1427 548 paulo
1461 463 1551 527 ante

301 577 489 665 concepto:
516 565 626 638 robur
643 567 770 638 aetatis
788 566 1036 666 experirentur
1042 590 1052 652 ;
1078 561 1186 637 modo
1203 563 1353 659 stirpem
1373 561 1550 660 Philippi,

233 723 240 736 ·
301 679 465 752 etlilium
483 701 525 752 ac
546 678 693 750 fratrem
718 701 843 774 regum
868 674 1032 761 duorum,
1059 673 1285 772 sibimetipsis
1312 673 1552 771 potissimum

302 789 498 872 crederent.
550 786 696 860 Nullum
726 783 942 882 profundum
974 807 1088 872 mare,
1127 785 1262 858 nullum
1295 799 1449 862 vastum
1481 790 1552 860 fre-
1572 805 1598 849 ιι

302 912 443 975 tumet
475 898 711 997 procellosum
742 905 861 967 tantos
889 893 959 966 ciet
984 893 1130 982 fluctus,
1164 907 1317 989 quantos
1344 897 1552 972 multitudo

302 1022 422 1084 motus
453 1009 578 1096 habet,
613 1006 734 1102 utique
769 1007 800 1076 si
833 1029 930 1078 nova
964 1017 1002 1078 et
1035 1003 1137 1077 brevi
1163 1004 1338 1080 duratura
1374 1010 1552 1082 libertate

301 1119 469 1194 luxuiiat
527 1115 638 1190 Pauci
671 1114 860 1190 Perdiccae
894 1114 1003 1190 modo
1037 1115 1168 1208 electo,
1206 1119 1328 1216 plures
1361 1117 1553 1217 Philippu,
1573 1137 1602 1184 1²

303 1256 410 1329 quem
435 1237 662 1328 spreverant,
696 1227 881 1326 imperium
907 1226 1052 1300 dabant
1105 1225 1180 1301 Nec
1204 1231 1312 1322 velle,
1346 1257 1417 1306 nee
1451 1232 1554 1304 nolle

303 1343 492 1441 quicquam
516 1338 578 1414 diu
604 1349 780 1439 poterant,
813 1337 1091 1437 poeniubatque
1116 1338 1224 1412 modo
1251 1342 1399 1432 consilii,
1434 1342 1553 1414 modo

303 1451 543 1552 poenitentiae
572 1453 693 1550 ipsius
745 1449 806 1524 Ad
830 1449 995 1524 ultimum
1020 1460 1143 1522 tamen
1167 1450 1205 1522 iii
1230 1449 1380 1548 stirpem
1405 1453 1555 1550 regiam

302 1563 517 1638 inclinavere
542 1561 680 1636 studiis.
732 1559 897 1636 Cesserat
922 1584 971 1632 ex
996 1559 1162 1634 contione
1187 1560 1422 1654 Arrhidaeus,
1450 1565 1554 1662 prin·
1573 1583 1602 1627 is

303 1674 421 1774 cipum
453 1673 667 1748 auctoritate
698 1672 928 1759 conterritus,
963 1680 1001 1744 et
1031 1669 1188 1746 abeunte
1224 1671 1285 1744 illo
1319 1672 1554 1746 conticuerat

303 1775 433 1883 magis,
471 1807 579 1880 quam
609 1783 810 1881 languerat,
848 1781 1009 1854 militaris
1034 1781 1147 1854 favor.
1198 1781 1324 1880 Itaque
1347 1795 1553 1858 revocatus

198 1919 208 1938 ·
306 1905 445 1970 vestem
469 1893 607 1984 fratris,
635 1918 714 1967 eam
739 1892 869 1990 ipsam,
894 1916 987 1987 quae
1011 1891 1049 1964 in
1074 1891 1163 1964 sella
1187 1893 1306 1991 posita
1330 1895 1469 1986 fiserat,
1495 1897 1553 1968 in·

305 2005 436 2080 duitun
494 2003 543 2078 Et
573 2001 753 2102 Meleager
792 2001 939 2076 thorace
978 2011 1123 2099 sumpto
1163 2003 1260 2102 capit
1297 2029 1417 2098 arma,
1458 2009 1603 2080 novin

185 2155 188 2162 .
304 2116 398 2216 regis
432 2117 586 2191 satelles.
639 2113 807 2214 Sequitur
839 2115 1017 2213 phalanx,
1055 2113 1168 2188 hastis
1203 2115 1336 2214 clipeos
1365 2117 1553 2214 quatiens,

307 2317 365 2372 dius
383 2317 479 2388 irrupit
496 2319 525 2371 s'n
541 2317 642 2388 rapiaris
658 2316 806 2382 ediderant,
824 2314 908 2388 poeti·
942 2313 993 2368 nisi
1014 2313 1065 2368 loci
1083 2331 1146 2368 vers
1163 2313 1295 2369 sentami'a
1310 2333 1354 2370 me
1375 2315 1456 2396 fugit.
1491 2315 1554 2370 De-

307 2403 365 2440 csm
381 2385 515 2456 syntaxis,
533 2401 587 2456 qus
603 2385 722 2440 modesta
739 2383 824 2438 utitur
840 2384 908 2443 Cur·
942 2381 1034 2436 scribit
1051 2391 1145 2437 metor
1160 2383 1234 2454 vulgi
1250 2382 1470 2440 inconstantiam
1486 2387 1554 2438 uisi·

307 2453 369 2521 tius,
387 2471 439 2509 uon
457 2454 581 2508 ferentes.
942 2451 1011 2506 versi
1027 2451 1108 2506 niodo
1125 2451 1280 2506 Perdiccam
1301 2469 1392 2524 regam
1412 2469 1472 2508 esse
1493 2455 1554 2508 ius·

341 2524 491 2602 puffrupuri
508 2523 739 2602 rai'publi'cpeect]
758 2519 844 2642 ᾖξας
858 2517 909 2572 dis·
942 2527 1043 2600 sarsnt,
1059 2527 1117 2600 tum
1153 2519 1296 2642 saciatidem
1308 2521 1472 2587 sentiebant,
1489 2517 1553 2593 ple-

307 2591 909 2738 lassataslasatas
942 2597 1112 2736 iustu
1125 2599 1553 2738 intestatum

308 2727 417 2780 demin
439 2726 575 2780 codicibus
596 2734 695 2780 nostris
715 2725 780 2779 nihil
802 2741 909 2795 prorsus
943 2740 967 2776 ei
990 2725 1106 2778 favebat
1142 2725 1214 2790 de
1235 2723 1373 2796 Philippus
1400 2731 1552 2794 sperum

307 2792 443 2848 varietatis
465 2805 507 2848 est
527 2811 597 2864 quae
620 2795 655 2848 sd
680 2799 735 2848 itm
760 2793 908 2864 pertineat:
944 2791 1008 2846 nihil
1026 2793 1061 2846 sd
1076 2809 1133 2846 rem
1149 2798 1278 2874 pertinet,
1300 2811 1332 2846 ac
1347 2811 1378 2848 re
1394 2811 1459 2848 vera
1479 2795 1551 2849 nihil

307 2879 337 2916 sa
349 2878 454 2936 quoque
468 2861 577 2916 laudare
594 2879 626 2918 ac
638 2863 750 2942 probare
768 2860 908 2932 rempubli-
943 2869 1104 2930 speraverat,
1121 2879 1167 2934 qui
1184 2863 1217 2916 ab
1235 2861 1293 2915 aliis
1304 2862 1331 2915 iii
1345 2863 1461 2916 medium
1488 2863 1550 2917 uasi

208 2985 210 2990 ,
308 2947 379 3000 cam,
402 2933 508 2985 beatam
526 2947 588 3010 cam
602 2928 768 3010 existimata,
787 2931 857 3051 pund
874 2929 908 3010 ad
941 2937 1080 3001 protrusus
1097 2938 1189 3010 esset·
1201 2929 1343 3011 Praeterep
1355 2929 1475 3003 plerique
1496 2933 1550 3011 'bii'

308 2999 909 3137 tt'tmittttttttaltittlttt
942 2998 1550 3122 ttwffltihltttittltffi:

309 3135 370 3206 ipsis
379 3135 700 3206 prodessetrexnondum
709 3135 908 3214 adultus,modq
996 3133 1057 3187 dam
1074 3135 1193 3216 conferre
1210 3151 1310 3215 censes.
1484 3207 1491 3218 .

307 3211 907 3351 iustitutrittiaaatff
942 3205 1382 3352 attitulatus
1408 3205 1549 3328 {aa

308 3347 445 3394 mitterent
462 3339 652 3406 Arrhidaeum,
670 3339 785 3420 Philippi
803 3357 907 3419 sangui·
941 3356 1002 3418 pias.
1019 3347 1049 3392 et
1064 3339 1124 3419 edd
1146 3340 1309 3418 princrpibus
1326 3340 1431 3411 legitur.
1461 3341 1548 3396 Cuius

307 3407 575 3530 stratilatis
587 3407 908 3556 illuditullllplffl
942 3405 1549 3556 {tristatatulttttatt

307 3562 386 3599 nemo
405 3563 458 3599 non
476 3545 509 3598 da
527 3546 682 3615 corrigendo
699 3543 757 3599 loco
770 3553 906 3614 cogitavit,
942 3554 1059 3612 seqiatiir
1089 3553 1191 3614 posits,
1221 3559 1318 3598 nomen
1345 3547 1465 3614 platani
1495 3565 1548 3602 suu

309 3615 355 3667 sed
378 3630 470 3667 eorum
493 3613 632 3667 conatibus
653 3612 718 3666 nibil
739 3613 801 3667 novi
822 3611 907 3664 infeli-
942 3613 1023 3665 verbo
1042 3612 1156 3666 carebat
1190 3617 1284 3683 Itaque
1294 3613 1378 3666 Aldus
1394 3615 1549 3668 minabatur

309 3681 379 3748 cius,
405 3691 569 3752 quapropter
594 3683 628 3736 ab
655 3680 717 3751 ipsis
744 3688 835 3752 petant
861 3679 906 3750 qui
943 3679 971 3732 in
993 3679 1044 3734 fine
1064 3680 1168 3734 addidit
1189 3690 1252 3734 ete
1289 3683 1398 3735 letarum
1418 3683 1549 3738 maazia

310 3750 411 3816 velint,
446 3765 488 3802 me
515 3749 704 3804 transscribere
730 3757 758 3802 et
784 3749 908 3816 refutare,
943 3747 1077 3815 Exegerat
1102 3749 1154 3802 iani
1179 3749 1243 3802 olim
1301 3749 1376 3804 odius
1406 3749 1549 3820 vulgum

308 3835 376 3890 quse
394 3825 493 3871 temere
511 3818 630 3873 muiecta
647 3825 716 3880 sunt,
733 3817 816 3888 piget.
944 3815 1077 3870 editorum
1097 3815 1226 3872 librorum
1248 3819 1297 3872 scri
1317 3827 1404 3872 turam
1420 3820 1456 3872 sd
1472 3821 1548 3873 codi-

344 3889 366 3954 5.
383 3893 423 3940 ti.
458 3889 546 3957 utiquc
563 3888 597 3954 ss]
634 3885 731 3950 Nescio
755 3904 808 3957 quo
829 3885 910 3964 perti-
945 3901 987 3939 aas
1006 3903 1076 3952 msa,
1094 3885 1142 3938 sed
1158 3887 1287 3940 emendari
1308 3886 1548 3958 'studioabieptus

308 3961 372 4008 nest
407 3953 459 4007 uod
483 3953 511 4008 in
533 3955 656 4008 omnibus
673 3973 731 4007 mss.
750 3964 778 4007 et
799 3972 911 4024 primum
945 3962 974 4006 et
990 3953 1116 4024 singulari
1137 3953 1261 4025 opinione
1282 3955 1315 4008 de
1337 3955 1466 4009 brevitate
1484 3973 1548 4010 ora-

309 4022 388 4076 cditis
414 4020 502 4092 egitur
518 4025 606 4093 utiquc
624 4033 647 4076 rt
664 4025 695 4076 si.
730 4022 841 4076 Sustulit
861 4023 908 4075 iin-
944 4021 1021 4076 tionis
1045 4021 1187 4076 indirectae
1210 4024 1302 4078 ductus
1324 4023 1369 4092 (cl'.
1387 4023 1422 4078 ad
1442 4037 1486 4093 11,
1500 4031 1546 4094 29,

194 4093 201 4102 '
308 4099 451 4162 portunam
468 4089 625 4160 particulam
641 4090 733 4144 Aldus.
944 4094 991 4158 tt)
1008 4090 1088 4145 etiam
1103 4093 1252 4161 quatiebant
1269 4101 1363 4146 contra
1380 4091 1458 4146 fidem
1472 4095 1548 4148 cudi-

344 4161 367 4228 §.
388 4165 427 4212 12.
480 4177 537 4212 uersi
558 4160 720 4229 spreverunt]
756 4158 800 4213 Sic
822 4177 909 4212 emen·
944 4159 1017 4213 cibus
1045 4177 1105 4214 mss.
1130 4160 1247 4213 debitam
1273 4159 1377 4212 delevit.
1421 4159 1547 4232 Denique

309 4227 382 4281 davit
407 4177 541 4281 Aciilulius
567 4245 626 4282 cuin
651 4226 788 4306 legeretur·
804 4227 831 4280 in
849 4227 909 4281 illd.
944 4239 1062 4284 assuetos
1080 4246 1134 4282 esse
1152 4247 1212 4282 mss.
1227 4236 1256 4282 at
1273 4229 1336 4282 editi
1353 4236 1460 4299 praeter
1468 4229 1546 4286 lieu

310 4295 420 4350 Iuniana
437 4307 685 4364 puusnrprruverut,
702 4315 731 4348 iii
748 4295 909 4366 principibus
945 4309 1061 4352 macretas
1079 4316 1115 4351 ss.

310 4362 475 4416 etModiuua
488 4373 750 4432 quamspeiuveiunt,
769 4363 910 4427 verissime,
