3324 5054
178 314 249 385 108
646 331 679 396 o.
709 333 832 386 cuam
858 337 943 386 surr

174 510 365 608 grinatiom
402 521 567 612 tempora
603 531 795 595 exemerat
868 521 993 616 ltaque
1034 522 1205 620 Aegypto
1246 521 1417 621 praefecit

173 619 393 718 Aeschylum
428 621 607 700 Rhodium
648 643 685 704 et
717 630 915 704 Peucesten
947 630 1201 719 Macedonem,
1246 645 1416 728 quattuor

174 730 317 805 milibus
344 735 495 809 militum
521 739 558 812 in
583 741 799 836 praesidium
825 739 980 834 regionis
1008 741 1084 809 eius
1112 737 1223 811 datis:
1259 743 1416 813 claustra

172 837 243 912 Nili
269 841 422 920 fluminis
448 837 678 922 Polemonem
704 849 795 919 tueri
821 849 939 936 iubet;
975 849 1122 945 triginta
1148 847 1195 919 ad
1220 850 1290 922 boc
1315 853 1414 923 trire-

171 975 248 1026 mes
274 953 390 1030 datae.
430 958 571 1028 Africae
597 956 735 1044 deinde,
762 983 853 1054 quae
879 960 1049 1057 Aegypto
1075 960 1198 1032 iuncta
1223 973 1289 1049 est,
1316 979 1450 1057 prae-s

104 1141 106 1146 ,
172 1066 309 1162 positus
335 1066 567 1162 Apollonius:
595 1068 827 1166 vectigalibus
853 1068 1012 1142 eiusdem
1031 1071 1173 1144 Africae
1188 1069 1416 1170 Aegyptique

172 1172 391 1249 Cleomenes.
444 1173 502 1246 Ex
528 1175 683 1250 finitimis
712 1181 859 1254 urbibus
893 1182 1129 1278 commigrare
1155 1181 1414 1254 Alexandriam

169 1285 294 1374 iussis,
330 1309 463 1358 novam
494 1287 620 1362 urbem
654 1315 784 1389 magna
817 1291 1046 1367 multitudine
1080 1292 1252 1390 implevit.
1304 1289 1450 1362 Famae

171 1405 245 1484 est,
260 1407 354 1468 'cum
379 1421 446 1470 rex
473 1400 570 1473 urbis
596 1402 735 1475 litturae
761 1429 883 1476 muros
909 1395 1075 1500 polenta,
1110 1415 1154 1477 ut
1178 1399 1417 1475 Macedonum

169 1529 248 1579 mos
275 1517 350 1597 est,
382 1506 616 1602 destinasset,
649 1514 768 1586 avium
802 1539 931 1612 greges
963 1513 1170 1602 advolasse,
1206 1524 1244 1585 et
1268 1513 1417 1611 polenta

170 1641 251 1692 esse
285 1629 427 1715 pastas:
464 1645 615 1716 cumque
649 1622 686 1695 id
721 1649 826 1696 omen
851 1649 918 1721 pro
945 1625 1038 1696 tristi
1065 1650 1088 1695 a
1113 1623 1292 1720 plerisque
1319 1633 1417 1697 esset

170 1739 366 1824 acceptum,
391 1728 619 1829 respondisse
645 1743 762 1822 vates,
789 1758 956 1830 magnam
982 1734 1080 1806 illam
1106 1735 1233 1806 urbem
1259 1733 1415 1806 advena·

169 1861 250 1910 rum
282 1838 518 1932 frequentiam
553 1842 743 1934 culturam,
778 1843 970 1940 multisque
1006 1868 1087 1917 eam
1114 1844 1219 1916 terris
1245 1843 1416 1916 alimenta

71 2007 79 2024 .
169 1948 423 2046 praebituram.

119 2059 168 2130 34
272 2057 423 2158 Regem,
458 2086 541 2134 cum
573 2061 729 2135 secundo
755 2064 851 2136 arnni
877 2061 1070 2153 deflueret,
1096 2063 1239 2160 assequi
1265 2061 1448 2160 cupiensr

167 2167 322 2260 Hector,
358 2169 603 2246 Parmenionis
628 2173 738 2265 filius,
773 2175 904 2247 eximio
931 2175 1060 2246 aetatis
1087 2174 1191 2264 flore,
1226 2174 1264 2247 in
1290 2173 1413 2270 paucis

168 2279 378 2355 Alexandro
413 2309 532 2374 carus,
568 2309 719 2382 parvum
757 2285 939 2383 navigium
974 2281 1199 2373 conscendit,
1238 2283 1412 2381 pluribus,

167 2417 275 2490 quam
301 2417 428 2491 capere
455 2405 593 2493 posset,
620 2396 802 2493 impositis.
856 2393 981 2492 ltaque
1008 2419 1128 2466 mersa
1154 2396 1256 2467 navis
1284 2412 1446 2467 omness

184 2566 771 2704 st'*tt.'¹²ts.b⁸?²²tltttltltlltt
803 2567 1413 2704 lis‘l‚¹³s1llf'‘i>s⁰ill¹s”'slilsslllss

165 2721 200 2758 an
216 2705 370 2770 seditionis,
388 2723 521 2774 quaerere.
803 2721 894 2758 omncs
916 2715 1007 2758 autem
1026 2707 1134 2774 polenta
1154 2715 1260 2775 praeter
1282 2704 1354 2758 Flor.
1372 2703 1412 2757 EI

198 2771 372 2842 Polemonem]
408 2771 453 2826 Sic
488 2773 572 2827 Aldus
602 2781 680 2826 recte.
715 2773 765 2827 Ed.
803 2773 830 2826 in
848 2773 944 2842 quibua
961 2781 1003 2825 est
1017 2776 1159 2842 potentum.
1194 2775 1340 2826 Destincre
1357 2791 1412 2825 nru-

163 2839 247 2910 princ.
266 2839 437 2908 Polyaenon,
456 2841 532 2894 codd.
551 2851 597 2894 aut
610 2841 769 2894 Polimonem
802 2859 847 2894 ros
874 2841 942 2893 idem
966 2841 1048 2894 ferme
1075 2849 1117 2893 est
1147 2857 1180 2894 ac
1206 2842 1278 2912 quod
1304 2840 1412 2894 Medius

165 2917 212 2960 aut
227 2907 385 2960 Polimenem
421 2917 508 2962 ructes
526 2909 597 2963 Flor.
616 2908 640 2962 G
660 2907 704 2978 qui
724 2924 768 2961 ve·
803 2908 888 2962 voluit
906 2912 1059 2978 desipuere,
1082 2909 1153 2961 sicut
1175 2910 1256 2978 paulo
1273 2917 1337 2962 ante
1354 2927 1412 2962 um-

163 2993 222 3030 rum
249 2992 345 3030 nomeu
367 2977 400 3030 bs
435 2985 456 3032 t.
492 2977 532 3032 Gt
554 2977 651 3030 Amico
676 2991 726 3042 111,
751 2983 767 3030 5
803 2978 881 3030 bitrem
907 2980 972 3031 dest.
992 2979 1086 3030 muris.
1127 2977 1255 3032 Ceterum
1282 2979 1316 3030 de
1338 2994 1412 3031 more

163 3043 209 3098 ubi
224 3043 346 3098 Polemon
364 3045 511 3099 nauarchus
528 3045 632 3110 dicitur,
650 3044 768 3098 diversus
802 3044 848 3098 illo
865 3045 1041 3099 Macedonum
1067 3045 1095 3098 in
1121 3045 1226 3099 urbium
1243 3045 1348 3099 ambitu
1365 3044 1411 3097 de-

161 3113 196 3166 ab
214 3111 265 3166 alio
282 3111 426 3167 Polemone
438 3114 576 3184 praesecto
593 3113 698 3166 Pelusii.
801 3111 822 3165 si
861 3114 931 3167 ando
944 3113 1053 3182 polenta
1065 3114 1159 3167 utendi
1172 3132 1225 3166 non
1239 3116 1319 3168 modo
1332 3112 1412 3166 silent

197 3185 221 3247 s.
240 3187 264 3233 t.
317 3199 366 3234 uue
385 3184 502 3252 Aegypto
520 3193 569 3235 cet
619 3183 681 3235 Non
699 3181 767 3234 male
801 3180 899 3252 reiqui
919 3181 1075 3251 scriptores,
1099 3183 1146 3234 aad
1193 3183 1302 3235 enuriaa
1329 3181 1412 3234 etiarn

162 3248 233 3304 Flor.
251 3198 315 3302 DFl
333 3248 421 3302 Pell
447 3269 514 3320 quc:
535 3267 562 3303 se
604 3259 690 3328 tamur
714 3267 767 3302 nou
799 3257 847 3302 aut
865 3248 944 3328 calcis
968 3257 1014 3302 aut
1027 3257 1148 3328 ‘cretae’
1179 3250 1290 3302 exandri
1309 3251 1411 3303 factum

161 3318 290 3370 debebam
312 3335 345 3370 ea
363 3317 510 3388 Bipontina
532 3335 706 3370 assumerem
744 3337 765 3370 r.
799 3317 963 3370 adscribunt.
1000 3317 1069 3370 Vade
1087 3317 1206 3370 Frcrusb.
1226 3327 1326 3371 notam.

161 3385 226 3464 edit,
248 3385 391 3439 Cleomenis
418 3403 514 3440 nomen
538 3403 570 3438 cx
596 3385 703 3438 Auiani
724 3335 765 3438 ii.
835 3385 902 3454 Cap.
920 3392 963 3448 34,
983 3387 1006 3452 §.
1026 3392 1050 3436 t.
1073 3388 1187 3463 secundo
1205 3387 1290 3456 amns]
1318 3385 1410 3455 Vulgo

160 3461 243 3506 stone
273 3453 391 3507 restituit
422 3454 520 3524 primus
550 3453 654 3506 lunius:
685 3454 761 3508 codd.
798 3471 889 3518 omne,
908 3454 981 3522 quod
999 3469 1063 3505 asne
1080 3461 1109 3506 et
1127 3452 1192 3506 abas
1209 3463 1238 3506 et
1255 3453 1284 3507 iu
1302 3454 1352 3508 hac
1370 3453 1410 3506 lo-

160 3521 266 3592 quidem
284 3531 313 3575 et
331 3521 394 3574 edit
413 3539 451 3602 pr.
472 3522 600 3586 Clemens,
618 3521 701 3574 Aldus
719 3525 764 3574 de·
798 3520 904 3574 cutione
922 3521 1045 3573 usitatius
1062 3529 1113 3586 est,
1132 3521 1178 3572 sed
1196 3521 1324 3574 rariorem
1341 3521 1410 3574 alte-

160 3607 247 3654 mens,
290 3592 342 3644 uod
363 3599 392 3643 et
415 3607 499 3659 ipsum
520 3598 640 3659 superest
664 3589 690 3642 in
709 3607 761 3644 uno
796 3607 852 3641 ram
871 3590 981 3641 lormam
999 3588 1082 3640 Bern.
1100 3591 1126 3640 A
1143 3589 1216 3642 Flor.
1234 3589 1312 3642 ABE
1329 3593 1409 3643 Voss.

159 3657 263 3711 Flosl.
300 3657 762 3727 ‘um-iussissubintellectocrplica
796 3664 811 3710 2
835 3657 978 3726 praebent,
997 3669 1038 3720 ιι,
1061 3663 1096 3710 84
1122 3667 1192 3709 extr.
1223 3660 1308 3710 medic
1334 3660 1410 3712 amni

158 3727 318 3791 luminibus,
336 3726 407 3796 quod
425 3743 477 3778 non
494 3725 634 3778 difficulter
651 3743 762 3796 sequens
795 3727 883 3790 situm,
902 3735 931 3778 et
947 3740 988 3790 rx,
1007 3731 1040 3778 36
1059 3733 1129 3776 extr.
1146 3726 1174 3776 in
1192 3727 1266 3777 omni
1284 3725 1409 3780 iamolim

158 3793 297 3864 praebebit
313 3811 411 3862 moysa
429 3796 573 3848 muuuudo.
795 3792 896 3846 editum
913 3803 963 3846 est.
999 3792 1057 3845 Nos
1075 3807 1116 3857 ru,
1135 3799 1179 3859 85,
1202 3800 1231 3847 19
1250 3803 1279 3846 et
1297 3808 1339 3860 tx,
1364 3801 1408 3859 15,

194 3864 217 3928 §.
236 3869 260 3915 t.
295 3863 369 3914 urbis
377 3863 493 3932 suturae
510 3879 596 3914 muros
609 3863 761 3940 polentc-
798 3867 829 3913 1⁴
853 3879 911 3912 nerra
935 3863 1008 3913 omni
1034 3861 1176 3913 restituere
1209 3861 1349 3914 debuimus
1373 3879 1408 3915 ex

159 3931 328 3999 destinasset]
346 3929 392 3982 Sic
408 3930 558 3983 emendarit
576 3947 687 3998 primum
701 3929 761 3982 Mo·
796 3928 990 3998 probatioribus
1018 3928 1100 3982 libris.
1142 3928 1183 3983 Cs.
1203 3929 1407 3984 Drakenborch.

159 3997 217 4050 dius
241 3997 268 4050 in
289 3997 360 4050 notis
382 4005 411 4052 et
439 4007 533 4066 postea
558 3997 706 4050 Gronovius
733 3996 760 4049 iu
796 3997 830 4048 ad
847 3996 905 4050 liv.
922 4011 1021 4060 xxxii,
1043 4004 1088 4060 10,
1108 4002 1133 4049 8.

157 4067 269 4120 Obserr.
288 4064 331 4117 lib.
350 4079 373 4116 ιι
390 4083 413 4118 c.
432 4071 462 4130 8,
489 4083 547 4118 cunr
566 4065 592 4117 in
610 4064 761 4132 vulgaribus
831 4066 855 4130 §.
883 4070 908 4118 8.
940 4082 1027 4117 nrerm
1055 4065 1132 4115 nucis
1161 4083 1249 4118 omues
1273 4067 1406 4136 destituit]

156 4135 215 4187 cdd.
234 4143 304 4186 essct
321 4135 394 4186 urbis
403 4135 513 4204 suturis
531 4135 613 4186 muris
628 4135 761 4200 potentum
796 4131 904 4186 Dictum
922 4143 963 4186 est
981 4133 1049 4184 sicut
1066 4133 1139 4199 apud
1157 4132 1260 4185 Livium
1279 4147 1354 4198 m,
1372 4140 1407 4188 tt

156 4206 325 4268 destinasset,
344 4219 397 4273 quo
415 4201 479 4254 nibil
498 4201 611 4270 ineptius
629 4217 684 4251 esse
702 4209 761 4268 pot·
794 4217 920 4318 prospero
942 4219 1022 4252 curso
1044 4210 1141 4250 uectum
1165 4203 1282 4253 destituit
1306 4211 1406 4254 uentus.

155 4284 204 4326 est
240 4271 324 4326 Codtl.
343 4280 433 4324 autem
450 4287 540 4322 omnes
558 4267 678 4321 mendosi
695 4278 757 4318 suut
811 4285 858 4337 pse
876 4267 985 4320 Curtius
1003 4274 1079 4331 ιι’,ι“ι
1107 4285 1179 4334 spem
1188 4272 1305 4336 'fortuna
1324 4271 1407 4322 desti-

155 4343 181 4395 h.
200 4341 231 4394 L:
253 4340 323 4393 Flor.
342 4339 391 4391 ΑΒ
419 4339 498 4390 Bern.
521 4340 546 4389 Α
573 4336 648 4388 Leid.
672 4337 761 4386 urbem
797 4337 854 4398 tuit,
872 4343 949 4399 vtt,l
971 4351 1021 4386 non
1040 4338 1165 4387 memorio
1174 4339 1257 4388 solum
1267 4339 1405 4390 sedetiam

145 4411 240 4480 sutori
252 4409 344 4474 muris,
362 4407 439 4460 Voss.
456 4414 467 4459 1
483 4408 556 4458 urbis
565 4406 659 4474 saturi
676 4405 758 4455 muris
796 4420 867 4454 rumas
891 4419 948 4454 erem
975 4405 1106 4469 destituit,
1126 4417 1166 4470 vr,
1187 4413 1198 4457 l
1217 4407 1325 4474 sentino
1339 4422 1404 4474 per-
