3350 5042
568 351 618 402 ns
644 327 779 403 onsrrs'
796 349 905 400 anax.
931 347 997 416 vn,
1023 344 1066 399 ιι.
1361 323 1434 396 307

151 545 287 620 stem,
322 555 419 604 nunc
451 534 668 631 paucitatem
701 553 869 629 spernere
894 529 1076 626 incipiunt
1128 528 1326 627 Praecipue
1351 525 1435 602 Bes-

195 663 277 731 sus,
307 640 412 716 ferox
447 645 584 732 verbis,
611 653 649 714 et
673 653 777 738 parto
803 664 868 739 per
894 641 1009 713 scelus
1035 664 1148 738 regno
1175 638 1367 736 superbus,
1395 663 1437 711 ac

91 745 97 760 '
195 752 261 824 vix
287 764 417 851 potens
444 755 590 843 mentio,
626 751 744 826 dicere
770 751 923 840 orditur,
959 749 1122 824 socordia
1147 749 1257 822 Darei
1283 751 1437 822 crevisse

155 862 358 938 4hostium
390 867 533 938 famam.
587 860 792 937 Occurrisse
827 864 921 936 enirn
948 864 984 933 in
1011 858 1152 936 Ciliciae
1178 859 1438 959 angustissimis
1485 871 1488 878 '

196 974 376 1065 saucibus,
409 1000 491 1048 cum
524 973 782 1048 retrocedendo
821 983 945 1071 posset
980 970 1174 1070 perducere
1204 973 1366 1043 incautos
1402 971 1438 1042 in

197 1087 277 1158 loca
304 1096 455 1160 naturae
482 1087 553 1160 situ
580 1087 686 1177 invia,
700 1096 756 1158 tot
780 1084 985 1157 fluminibus
1012 1081 1169 1170 obiectis,
1184 1091 1240 1154 tot
1265 1081 1441 1153 montimn

195 1195 361 1287 latebris,
395 1199 490 1273 inter
516 1221 605 1294 quas
633 1196 876 1294 deprehensus
902 1194 1035 1282 hostis,
1068 1218 1114 1266 ne
1146 1193 1251 1290 fugae
1287 1191 1440 1288 quidem,

159 1306 333 1382 ⁵nedum
358 1308 548 1383 resistendi
575 1307 797 1380 occasionem
824 1307 931 1379 firerit
956 1304 1152 1378 habiturus.
1199 1299 1274 1376 Sibi
1299 1305 1440 1399 placere

199 1418 237 1492 in
255 1415 456 1518 Sogdianos
483 1417 660 1508 recedere,
675 1414 798 1491 Oxum
822 1442 965 1490 amnem
990 1415 1090 1489 velut
1114 1439 1257 1488 murum
1284 1414 1441 1488 obiectu·

198 1554 281 1630 rum
307 1530 414 1619 hosti,
428 1529 516 1602 dum
542 1553 589 1600 cx
615 1527 771 1601 finitimis
797 1527 965 1625 gentibus
991 1524 1111 1598 valida
1137 1524 1270 1600 auxilia
1294 1549 1440 1598 concur·

163 1649 331 1713 arerent
397 1637 580 1713 Venturos
619 1648 741 1712 autem
773 1635 1001 1712 Chorasmios
1036 1647 1073 1710 et
1106 1634 1228 1709 Dahas
1261 1632 1441 1733 Sacasque

200 1759 237 1822 et
262 1747 373 1823 Indos
399 1760 438 1823 et
463 1749 559 1822 ultra
584 1748 733 1822 Tanaim
758 1775 900 1824 amnem
925 1749 1083 1823 colentes
1097 1743 1262 1846 Scythas,
1290 1772 1442 1844 quorum

199 1860 380 1934 neminem
414 1859 506 1934 adeo
533 1861 701 1934 humilem
730 1885 826 1951 esse,
862 1869 904 1933 ut
926 1859 1065 1933 humeri
1091 1859 1167 1932 eius
1193 1883 1269 1942 non
1293 1870 1443 1956 possent
1487 1943 1496 1956 ,

165 1969 407 2046 ⁷Macedonis
431 1971 554 2044 militis
580 1971 751 2045 verticem
776 1996 939 2070 aequare.
986 1968 1220 2044 Conclamant
1245 1971 1441 2061 temulenti,

203 2106 312 2154 unam
346 2081 440 2155 hano
472 2083 689 2156 sententiam
720 2082 901 2158 salubrem
936 2106 1030 2155 esse:
1062 2091 1100 2155 et
1129 2078 1263 2154 Bessus
1297 2080 1442 2154 circum·

200 2193 450 2376 ferridrrplrlelpum
476 2194 609 2292 largius
635 2194 745 2286 iubet,
771 2191 1014 2267 debellaturus
1041 2217 1149 2291 super
1174 2216 1336 2268 mensam
1361 2192 1443 2266 Ale·

201 2328 276 2376 xan
384 2359 392 2376 .

167 2435 184 2480 s
305 2411 396 2488 Erat
420 2416 458 2489 in
484 2439 528 2489 eo
555 2415 720 2490 convivio
747 2411 915 2506 Gobares,
941 2415 1085 2490 natione
1111 2413 1255 2508 Medus,
1283 2413 1494 2490 cedma-16

201 2525 303 2623 gioae
335 2525 424 2599 artis
458 2525 505 2626 (si
530 2527 639 2600 modo
664 2553 723 2600 ars
750 2535 824 2616 cst,
852 2552 924 2600 non
950 2527 1132 2600 vanissimi
1159 2528 1330 2626 cuiusque
1356 2527 1444 2600 ludi·

203 2635 336 2735 brium)
367 2637 485 2735 vmagis
521 2639 757 2736 professione,
791 2661 899 2734 quam
939 2637 1087 2711 scientia
1121 2637 1276 2730 celeber,
1315 2637 1445 2733 alioqui

168 2746 413 2823 emoderatus
441 2760 478 2822 et
503 2748 649 2848 probus.
700 2749 735 2824 Is
762 2775 844 2823 cum
870 2750 1050 2848 praefatus
1078 2759 1190 2840 esset,
1223 2749 1314 2823 scire
1339 2773 1446 2824 servo

109 2891 111 2895 ’
203 2859 326 2934 utilius
353 2885 432 2935 esse
459 2855 586 2961 parere
612 2859 717 2952 dicto,
745 2887 852 2960 quam
878 2861 1007 2934 afferre
1033 2859 1229 2952 consilium,
1249 2885 1331 2935 cum
1356 2861 1446 2950 illos,

239 3092 307 3167 Cap.
327 3101 368 3164 1⁵,
388 3081 454 3165 Μ.
492 3113 615 3166 apnnm
632 3095 760 3177 incipitur!
775 3126 809 3136 -
844 3097 917 3150 baud
933 3105 976 3151 tot.
1012 3094 1165 3151 Omiserunt
1183 3095 1347 3151 invioFlor.
1364 3093 1446 3151 EFG.

205 3164 292 3218 dicere
309 3167 421 3218 orditur.
455 3163 573 3218 Restitui
590 3172 619 3218 ct
636 3167 764 3234 nuptant
781 3170 810 3217 et
844 3163 916 3218 Edit
926 3183 966 3236 pr.
975 3175 1086 3218 naturae
1103 3167 1247 3220 altataria
1260 3174 1360 3231 cultor,
1378 3165 1447 3219 Mer.

205 3235 317 3300 orditur,
337 3249 405 3303 quae
422 3233 507 3287 rerba
519 3233 634 3301 Modica,
652 3249 811 3356 puamquam
844 3243 956 3287 noturus
983 3235 1035 3287 ritu
1052 3237 1152 3289 mnnita
1178 3245 1225 3289 ont
1252 3245 1295 3290 tol.
1330 3233 1448 3305 Vulgata

205 3300 362 3356 inomnibus
379 3300 453 3355 libris
471 3301 637 3372 legebantur,
675 3317 811 3356 anconam
845 3301 879 3355 ab
896 3301 996 3357 Aldine
1022 3302 1123 3358 editore
1149 3303 1294 3359 mnstituta
1320 3311 1369 3357 est.
1405 3301 1447 3357 Os.

205 3369 240 3424 ob
259 3385 364 3423 causam
379 3369 465 3436 eiecit,
485 3370 657 3440 quodsibicb
666 3371 812 3442 interprete
845 3383 886 3437 vr,
907 3377 948 3436 12,
969 3376 1008 3426 15.
1092 3397 1094 3400 ·

204 3436 296 3492 addita
324 3437 487 3492 viderentur.
536 3437 667 3510 Imprimis
698 3439 811 3494 alterum
880 3442 904 3507 ς.
923 3446 947 3492 6.
982 3441 1052 3494 ultro
1073 3441 1185 3495 Tanaim
1210 3457 1312 3496 amnem
1339 3442 1448 3494 colentes

203 3505 335 3588 illul&
352 3504 493 3577 displicere
510 3507 662 3588 contendit,
689 3524 811 3578 spernere
847 3509 965 3576 Scyllae.
999 3508 1068 3562 Pliu.
1087 3517 1141 3563 nat
1158 3509 1219 3564 hist
1235 3525 1277 3578 vr,
1299 3516 1329 3564 lo
1345 3509 1449 3579 flmnen

204 3575 811 3710 ttadbrrlssztalbltatlffi
845 3577 999 3698 bilta
1015 3579 1450 3715 ‚Cilali'liblllaimpii

205 3725 264 3782 cap.
281 3717 454 3792 locorpora
478 3713 586 3792 deficere
607 3723 743 3792 cooperunt
759 3729 810 3792 ,re-
845 3723 931 3766 loom
955 3730 1018 3767 esse.
1053 3665 1127 3768 lad
1151 3715 1257 3769 Tanain
1280 3714 1362 3769 Snak.
1385 3713 1448 3768 edit

203 3779 346 3850 prehendit
364 3786 393 3832 et
410 3781 525 3848 dq‘eccre
543 3781 635 3834 edrdrt.
672 3780 809 3837 elstram
843 3789 872 3834 et
891 3780 972 3834 Beru.
990 3784 1023 3835 Α.

203 3847 238 3901 ad
255 3862 284 3916 v,
303 3854 354 3915 81,
373 3852 397 3901 8.
443 3846 558 3902 Ponitur
585 3847 666 3903 etiarn
694 3851 748 3903 inci
766 3867 808 3903 ere
880 3848 944 3902 Ca.
970 3857 1017 3916 16,
1044 3854 1067 3917 s.
1095 3856 1119 3905 8.
1164 3853 1264 3932 alioqui
1292 3854 1449 3905 monnulus.

203 3916 380 3984 abundanter,
399 3914 468 3998 sicut¹
482 3919 614 3998 coepisse:
631 3917 723 3972 Cicin
759 3934 809 3972 err.
844 3916 898 3971 Hic
914 3868 975 3971 cladi
993 3921 1101 3998 alioqui,
1121 3919 1185 3990 quia
1202 3937 1239 3974 sio
1257 3920 1450 3974 coddFlonrl

204 3998 238 4054 11,
260 3993 305 4039 17:
324 4001 358 4038 co
386 4001 439 4037 cre
457 3994 579 4055 rnerpre
600 4003 652 4054 cor,
671 3997 700 4040 ut
717 3987 810 4040 obsen-
844 3985 960 4039 Berua
978 3985 1051 4040 Lerd.
1070 3987 1180 4043 Vosass
1199 3988 1302 4042 etedd.
1319 3987 1450 4042 Aldlun.

205 4061 254 4106 lem
272 4003 428 4108 Heraclium
445 4055 621 4108 condenseat.
845 4054 979 4108 Modiana
1016 4053 1141 4110 Ceterum
1158 4057 1247 4125 homo,
1266 4055 1312 4138 qui
1329 4056 1450 4111 aCurtio

237 4119 262 4189 ‘§.
280 4130 306 4176 4.
331 4131 445 4174 naturae
462 4123 515 4175 sira
533 4123 612 4175 invia.
632 4125 731 4176 Veram
753 4139 811 4176 esse
848 4123 963 4178 Gobares
981 4123 1138 4195 appellatur,
1157 4125 1229 4196 apud
1244 4125 1392 4180 Drodomm
1408 4133 1451 4178 est

205 4189 273 4244 banc
299 4188 441 4244 lectionem
465 4191 580 4262 probant
603 4190 723 4245 codicum
740 4193 811 4262 opti-
847 4191 1017 4262 Bopodoras.

204 4275 309 4313 morum
325 4257 473 4312 rancura:
500 4257 575 4312 Leid.
593 4259 702 4314 Vosal
730 4259 812 4314 Rern.
882 4264 906 4327 s.
926 4267 949 4315 9.
985 4278 1058 4314 seruo
1076 4263 1166 4316 utilius
1184 4278 1249 4315 ecre.
1276 4259 1371 4314 Adicci
1389 4259 1452 4312 ulti·

205 4326 231 4378 A
248 4329 284 4381 sit
301 4335 348 4382 ont
369 4328 451 4380 invio.
486 4327 558 4381 Flor.
576 4327 626 4382 AC
644 4339 741 4382 notura
759 4330 811 4383 aitn
846 4345 916 4382 mam
933 4327 1453 4385 vocemexBern.AFlor.ABCDFGl

1240 4552 1292 4606 20·
