3324 5054
207 363 279 434 142
678 377 712 440 q.
740 375 864 429 cuuru
888 357 974 429 aum

154 565 200 636 52
308 555 476 632 ceterum
515 561 719 634 hortantem
756 563 934 636 exercitus
973 560 1145 634 exaudire
1179 587 1251 634 non
1292 571 1444 661 poterat,
1463 581 1504 629 as

203 693 309 742 usum
341 670 480 743 aurium
512 672 757 770 intercipiente
789 673 932 742 fremitu
965 671 1117 740 duorum
1150 673 1347 768 agminum,
1382 672 1446 745 sed

204 781 241 852 in
268 791 462 878 conspectu
489 784 648 854 omnium
675 782 782 852 duces
809 791 846 850 et
872 781 1075 876 proximum
1108 805 1284 874 quemque
1320 783 1446 855 intere·

204 891 345 987 quitans
372 893 636 988 alloquebatur:
663 889 824 961 Emensis
851 899 907 960 tot
933 899 1047 960 terras
1073 888 1109 959 in
1136 913 1238 986 spem
1263 889 1512 978 victoriae,x1v

204 1002 251 1076 de
277 1028 348 1100 qua
374 998 616 1072 dimicandum
643 1000 750 1088 foret,
783 999 851 1072 hoc
884 1026 994 1072 unum
1027 1023 1214 1096 superesse
1246 996 1445 1071 discrimen.

205 1111 409 1188 Granicum*
433 1111 490 1181 hic
518 1133 677 1198 amnem,
713 1109 925 1207 Ciliciaeque
950 1121 1109 1200 montes3
1147 1121 1184 1182 et
1210 1109 1353 1208 Syriam
1378 1111 1447 1182 Ae-

204 1231 428 1320 gyptumque
463 1221 717 1316 praeeuntibus
753 1232 891 1319 raptas,
930 1222 1089 1316 ingentia
1129 1222 1206 1317 spei
1242 1220 1449 1318 gloriaeque

203 1331 443 1418 incitamenta,
471 1330 657 1405 referebat.
697 1331 945 1430 Reprehensos
973 1354 1020 1400 ex
1045 1329 1131 1425 fuga
1156 1327 1286 1400 Persas
1313 1349 1483 1426 pugna-2

205 1451 323 1530 turos,
361 1441 444 1536 quia
475 1443 599 1539 lugere
630 1467 702 1514 non
734 1449 891 1536 possent.
944 1437 1105 1512 Tertium
1131 1440 1202 1511 iam
1228 1439 1324 1511 diem
1349 1451 1450 1513 metu

206 1575 406 1649 exangues,
433 1553 542 1623 ermis
569 1552 642 1624 suis
664 1551 853 1638 oneratos,
886 1549 922 1620 in
954 1547 1082 1622 eodem
1109 1550 1261 1647 vestigio
1279 1551 1448 1624 haerere.

205 1660 354 1736 Nullum
392 1659 650 1757 desperationis
682 1659 822 1733 illorum
853 1661 967 1732 maius
1000 1658 1168 1731 indicium
1200 1685 1295 1750 esse,
1341 1687 1448 1758 quam

206 1769 305 1869 quod
329 1770 448 1857 urbes,
476 1769 573 1867 quod
599 1795 704 1866 agros
732 1795 816 1844 suos
842 1778 1004 1859 urerent,
1036 1769 1205 1866 quicquid
1228 1795 1303 1842 non
1329 1797 1449 1844 corru-

206 1881 354 1979 pissent,
367 1878 525 1951 hostium
552 1905 630 1954 esse
656 1879 816 1953 confessi.
857 1877 1011 1950 Nomina
1035 1877 1143 1951 modo
1170 1905 1266 1952 vana
1283 1883 1482 1977 gentiums

206 1992 411 2089 ignotarum
442 1998 489 2062 ne'
524 1991 806 2063 extimescerent.
860 1987 984 2084 Neque
1016 1989 1110 2060 enim
1144 1988 1191 2061 ad
1218 1991 1301 2062 belli
1329 1991 1449 2064 discri-

206 2112 290 2174 m'en
314 2099 512 2197 pertinere,
540 2100 601 2196 qui
627 2100 672 2172 ab
699 2099 754 2170 his
781 2096 952 2198 Scythae,
989 2099 1094 2194 quive
1122 2097 1267 2173 Cadusii
1293 2104 1457 2200 appelle·-

207 2341 269 2396 lrbri
294 2339 377 2394 Snnk.
398 2347 471 2392 stant
513 2357 543 2394 no
565 2340 637 2411 vulg.
655 2343 692 2393 ud
708 2343 753 2393 teli
769 2343 809 2395 ia·
843 2339 865 2393 si
882 2338 1083 2410 praepositionis
1098 2339 1167 2394 illius
1185 2340 1212 2393 in
1230 2341 1278 2395 tali
1295 2359 1325 2397 re
1340 2343 1450 2398 omissae

208 2421 284 2464 ctmn.
319 2408 373 2462 Sed
389 2407 471 2462 Bern.
489 2357 513 2460 h
531 2411 570 2461 ed
587 2411 663 2462 ictum
681 2412 733 2461 teli.
843 2407 993 2478 exemplum
1010 2407 1072 2460 nribi
1090 2409 1277 2479 suppeditaret.

242 2477 308 2558 Cap.
327 2482 373 2542 52,
414 2483 486 2529 ‚88.
523 2476 642 2530 Ceterum
667 2479 809 2530 hortantem
879 2479 901 2543 ξ.
922 2483 944 2528 1.
960 2478 1145 2545 praeeuntibus
1164 2488 1257 2546 ruptas
1276 2479 1292 2531 i.
1312 2495 1450 2560 caprae-

144 2571 146 2574 ·
171 2583 174 2588 ·
207 2547 347 2612 amotus]
441 2545 495 2597 'tur
524 2545 605 2615 vulgo
641 2547 687 2598 troc
721 2555 809 2598 tentus
843 2542 991 2597 cursoribus
1008 2544 1124 2614 ipsorum
1140 2555 1241 2614 captes,
1261 2554 1292 2599 ut
1308 2565 1384 2617 grem
1401 2565 1449 2618 eg-

207 2632 301 2680 eeerc,
318 2613 389 2684 quod
406 2613 560 2666 mendosum
577 2631 633 2666 esse
647 2613 809 2666 fecileintel-
843 2617 913 2664 mine
935 2629 1001 2682 opus
1024 2631 1076 2666 nou
1100 2613 1187 2665 fuerit.
1229 2614 1312 2668 Nulls
1334 2615 1449 2669 varietas

206 2682 311 2802 Epium
339 2680 404 2751 quid
425 2681 496 2733 enim
513 2698 580 2750 opus
598 2682 649 2734 fuit
666 2682 808 2734 exercitum
844 2681 920 2732 codd.
939 2699 998 2732 mss.
1016 2691 1066 2733 est.
1101 2679 1155 2732 Sed
1173 2681 1279 2734 Medius
1303 2684 1337 2735 de
1360 2683 1448 2736 conie-

207 2750 273 2803 'ud
298 2748 437 2815 exaudhe,
470 2766 530 2803 cum
562 2765 620 2802 eam
645 2751 680 2803 ob
706 2767 809 2803 esustms
844 2755 933 2814 cturs,
965 2747 1018 2809 noli
1052 2749 1187 2812 dubitare,
1217 2753 1448 2818 praemunite

206 2817 288 2870 duces
304 2824 473 2870 convocasset
491 2827 522 2868 ut
539 2835 599 2870 suos
616 2817 725 2887 quisque
743 2817 809 2870 mili·
843 2816 934 2879 edidit,
951 2834 999 2885 pro
1017 2833 1088 2869 more
1106 2835 1153 2869 suo
1168 2817 1239 2886 quod
1253 2836 1305 2871 non
1315 2818 1448 2872 intellexit
1495 2847 1498 2858 —

205 2893 247 2938 tes
266 2885 330 2955 quid
347 2885 491 2936 cavendum
505 2893 575 2936 esset
584 2885 736 2938 monerent?
755 2884 807 2937 Sed
842 2883 982 2952 pessimum
1002 2901 1104 2937 vocans.
1121 2884 1180 2937 Nec
1198 2903 1267 2938 nuno
1284 2885 1382 2940 Persae
1399 2905 1449 2958 pu-

205 2953 252 3006 ills
268 2969 303 3006 ne
320 2952 447 3006 librorum
465 2951 571 3023 quidem
588 2962 713 3006 nistorunr
730 2953 808 3007 lectio
842 2969 924 3022 gnere
941 2951 1075 3019 dicuntur,
1093 2953 1142 3004 nisi
1160 2953 1222 3024 quie
1239 2955 1324 3008 coacti
1341 2955 1449 3008 siutat-
1489 2957 1492 2968 '

165 3057 169 3066 ·
205 3029 265 3087 est,
293 3021 339 3091 qui
365 3021 399 3073 sd
425 3039 507 3074 unum
532 3027 640 3087 omnes,
666 3020 715 3074 nisi
741 3021 808 3074 torte
841 3036 894 3090 que
910 3035 944 3072 ex
961 3020 1025 3090 suga
1041 3021 1208 3090 reprehensi,
1236 3021 1253 3074 i.
1280 3039 1304 3075 e.
1328 3013 1448 3077 retracti.

205 3089 292 3158 Bong.
301 3097 330 3141 et
345 3087 400 3141 Pal.
411 3095 436 3154 2,
456 3106 568 3158 quorum
577 3089 756 3142 mentionulla
769 3090 807 3157 fit,
879 3093 903 3154 5.
924 3095 948 3140 2.
984 3090 1086 3140 tertium
1104 3091 1158 3142 ium
1177 3091 1257 3161 dictu]
1275 3089 1336 3144 Hoc
1353 3093 1447 3146 verbo-

101 3181 103 3184 ·
205 3157 353 3227 exceperis,
380 3159 427 3210 toc
459 3161 563 3210 tandem
590 3159 724 3210 exhibent.
765 3157 809 3212 Sic
843 3174 901 3208 rum
919 3155 1010 3210 ordine
1028 3157 1107 3210 Bern.
1125 3166 1154 3209 et
1171 3158 1241 3211 Flor.
1265 3176 1355 3212 onmes
1373 3159 1448 3212 exhi·

205 3226 286 3278 etism
311 3225 371 3277 edd.
394 3225 532 3294 antiquae,
561 3225 609 3278 nisi
631 3227 700 3295 quod
725 3227 808 3278 Aldus
842 3225 916 3286 bent,
933 3242 991 3276 cunr
1008 3223 1088 3293 vulgo
1106 3225 1191 3278 minus
1204 3225 1341 3295 eleganter
1352 3228 1449 3280 edatur

207 3294 234 3346 in
243 3292 457 3346 annotationibus
470 3293 596 3362 pauculis,
614 3303 808 3362 quaeextreuro
842 3295 944 3344 tertium
963 3295 1029 3344 diem
1049 3295 1110 3344 ianr.
1134 3293 1245 3364 Aliquot
1263 3302 1352 3347 tamem
1371 3296 1445 3348 codd.

207 3360 275 3414 libro
292 3361 410 3414 adiectae
427 3369 498 3426 sunt,
518 3365 564 3414 leoc
573 3370 660 3414 tantus
670 3362 808 3415 lectionem
842 3359 912 3412 Flor.
931 3359 1033 3412 DEFG
1050 3363 1124 3413 tertio
1143 3364 1196 3414 iesu
1214 3364 1264 3414 die.
1301 3364 1446 3433 Eeanques

206 3445 263 3483 esse
280 3437 396 3481 veterem
418 3428 436 3481 i.
458 3445 481 3480 e.
504 3428 601 3482 veteris
624 3429 730 3482 alicuius
747 3429 807 3482 libri
842 3428 868 3479 in
896 3427 968 3482 nullo
990 3447 1042 3481 non
1070 3429 1127 3481 cod.
1154 3447 1201 3482 ms.
1228 3430 1366 3497 scribitur,
1398 3449 1448 3484 nee

206 3497 351 3551 contendit.
386 3495 466 3561 Inde,
485 3498 593 3567 opinor,
612 3496 639 3549 in
657 3498 807 3550 tlodinnam
843 3496 984 3566 quiequam
1005 3495 1168 3550 constantius
1191 3515 1269 3567 quam
1297 3498 1446 3552 litterams

205 3565 341 3630 minavit,
364 3581 416 3617 non
434 3566 505 3635 quod
523 3565 550 3617 in
569 3564 646 3634 ipsius
665 3566 746 3618 Medii
764 3584 806 3618 co-
841 3573 902 3633 post
919 3582 950 3616 ex
967 3563 1037 3616 elidi.
1066 3564 1148 3617 Ridet
1166 3565 1362 3629 Quinctilianus
1379 3567 1446 3621 Inst.

205 3607 305 3686 ditibus
323 3633 431 3685 inventa
448 3642 525 3686 esset.
561 3631 614 3685 Sed
634 3634 691 3686 loco
709 3635 806 3703 optime
841 3641 907 3685 orat.
922 3647 941 3698 1,
956 3639 970 3683 t
989 3632 1081 3686 anxios
1099 3634 1132 3686 de
1150 3633 1340 3702 significatione
1359 3653 1446 3706 gram-

205 3700 338 3754 eonsuluit
365 3699 478 3754 Walchii
510 3700 632 3754 facillima
658 3703 805 3755 emendatio
840 3701 957 3752 mutiens.
1000 3699 1054 3753 Sed
1080 3718 1138 3753 eum
1164 3702 1247 3771 ipsam
1275 3703 1309 3755 ob
1341 3721 1447 3756 eausam

203 3772 356 3834 hortantem,
395 3785 428 3821 ue
445 3779 552 3841 recepta
570 3769 633 3822 nihil
651 3771 683 3821 ad
697 3769 805 3838 integri·
839 3769 910 3838 quod
929 3767 993 3820 alibi
1010 3787 1023 3821 s
1043 3768 1158 3836 eliditur,
1178 3773 1226 3838 §.t
1241 3781 1368 3824 exsortem
1384 3772 1446 3824 dedi

203 3843 287 3890 tatem
305 3837 355 3890 loci
374 3785 464 3890 deesse
481 3855 631 3908 persuasum
641 3837 703 3890 mihi
712 3839 803 3890 habeo.
839 3853 893 3890 non
911 3846 1032 3898 exortem,
1060 3837 1122 3908 quia
1143 3857 1157 3891 s
1176 3849 1301 3892 exaratur
1319 3839 1347 3892 in
1362 3839 1445 3894 Bern.

204 3905 313 3959 Transit
331 3905 400 3958 enim
417 3913 510 3959 auctor
528 3906 579 3958 iam
592 3907 625 3957 ad
640 3906 729 3958 solitas
742 3915 804 3958 ante
838 3906 864 3957 A
881 3904 953 3959 Flor.
973 3904 1061 3957 ADG.

203 3993 320 4044 pugnem
337 3975 434 4026 ducum
452 3974 662 4040 cohortationes,
681 3974 807 4044 inestque
876 3976 899 4040 §-
918 3981 942 4027 t.
977 3976 1023 4042 qui
1040 3975 1073 4026 ob
1091 3977 1131 4026 lu's
1151 3975 1274 4042 Scythae,
1299 3974 1374 4042 quiue
1394 3972 1446 4026 Ga-

203 4059 233 4095 re
250 4042 429 4112 eloquentiam
447 4059 551 4095 omnem
569 4043 607 4095 itu
620 4042 756 4108 consumit,
775 4051 806 4096 ut
841 4043 922 4108 slusii]
955 4039 1038 4094 Recte
1056 4041 1173 4094 Freinsh.
1193 4043 1242 4095 hoc
1259 4057 1291 4094 eo
1309 4041 1445 4110 pertinere

203 4111 271 4164 hanc
288 4111 375 4181 operis
389 4118 491 4180 partem
506 4111 576 4164 inter
585 4111 805 4181 praestantissime
840 4109 912 4174 dicit,
931 4111 1001 4229 qnod
1017 4110 1078 4162 illae
1096 4118 1189 4180 gentes
1208 4118 1265 4162 tum
1283 4109 1353 4161 inter
1366 4109 1444 4162 Asia-

202 4181 285 4233 totius
302 4179 468 4250 antiquitatis
485 4189 654 4234 monumenta
670 4197 804 4232 numerere
840 4197 887 4230 nos
910 4179 942 4230 be
955 4178 1002 4230 lica
1027 4179 1103 4230 laude
1129 4177 1242 4230 maxime
1260 4177 1443 4230 excelluerint.

203 4265 256 4302 non
274 4248 431 4301 dubitemus.
840 4246 881 4299 Cs.
901 4247 1042 4299 Arrianum
1060 4253 1158 4312 111,19,
1178 4253 1192 4298 t}
1212 4246 1256 4298 ubi
1276 4247 1346 4298 fairra
1365 4245 1444 4298 tuisse

237 4320 265 4370 in
292 4328 428 4387 conspectu
454 4319 579 4388 ouuu'ruu]
617 4316 753 4369 Omittnnt
777 4319 803 4368 iu
838 4314 961 4379 truditur,
979 4313 1096 4366 Dareum
1114 4315 1165 4367 ianr
1183 4315 1294 4366 fractum
1312 4315 1381 4383 apud
1392 4316 1444 4366 Ar·

202 4387 278 4440 codd.
296 4385 367 4439 Flor.
384 4385 477 4438 ABDI
496 4386 575 4438 Bern.
594 4385 618 4438 A
636 4385 708 4436 Leid.
728 4385 802 4436 Voss.
838 4383 898 4435 bcls.
914 4384 1000 4434 denuo
1018 4383 1151 4436 fortunam
1169 4383 1261 4452 proelii
1270 4391 1442 4462 experturum

203 4462 234 4523 1,
253 4471 365 4526 quorum
390 4453 575 4508 auctoritatem
596 4462 699 4508 secutus
721 4469 803 4506 essem
838 4467 893 4504 esse
912 4451 983 4521 quod
1000 4451 1118 4520 Scythae
1135 4459 1163 4504 et
1187 4450 1295 4505 Cadusii
1312 4450 1363 4522 ipsi
1380 4468 1442 4505 soeu
