3260 5042
218 307 266 380 68
683 317 717 380 Q.
735 305 869 372 'suurn
894 319 980 372 aum
1005 365 1008 370 .

213 527 325 603 naves
351 500 522 574 militibus
548 501 723 602 impositis
741 501 911 605 Cyprum
936 505 1145 594 transmisit,
1173 517 1210 579 et
1235 529 1318 578 eum
1343 506 1381 578 in
1394 505 1454 578 illo

214 624 313 686 statu
340 635 460 684 rerum
484 611 524 686 id
549 638 735 714 quemque,
762 613 859 712 quod
886 623 1108 714 oocupssset,
1129 613 1339 688 habiturum
1364 615 1454 689 arbi·

215 733 373 794 traretur
399 724 500 797 velut
526 737 625 800 certo
651 725 728 798 iure
753 744 978 819 possessum,
1010 718 1221 816 Aegyptum
1246 737 1370 818 petere
1396 725 1456 798 de·

216 833 345 906 crevit:
372 835 514 932 utrique
541 835 617 930 regi
642 832 767 920 hostis,
786 840 824 902 et
844 853 986 926 semper
1012 853 1061 902 ex
1087 830 1232 927 ancipiti
1258 836 1457 908 mutatione

215 953 419 1042 temporum
451 944 623 1042 pendens.
675 938 923 1037 Hortatusque
954 940 1083 1013 milites
1117 939 1164 1012 ad
1196 964 1299 1038 spem
1332 953 1457 1016 antae
1474 963 1508 1011 rs

215 1055 287 1145 rei,
322 1054 443 1140 docet,
476 1047 643 1122 Sataeem
668 1059 872 1148 praetorem
897 1049 1058 1151 Aegypti
1093 1049 1265 1124 cecidisse
1298 1051 1335 1124 in
1370 1053 1458 1142 acie,

215 1161 408 1236 Persarum
434 1157 653 1256 praesidium
678 1171 716 1234 et
740 1160 817 1234 sine
843 1161 935 1236 duce
961 1187 1057 1250 esse,
1085 1171 1123 1233 et
1148 1161 1361 1252 invalidum,
1387 1164 1458 1235 Ae·

215 1269 372 1368 gyptios,
385 1293 527 1367 semper
552 1271 778 1369 praetoribus
792 1297 917 1346 eorum
942 1271 1103 1360 infestos,
1122 1294 1190 1366 pro
1217 1271 1321 1342 sociis
1347 1272 1457 1368 ipsos,

215 1403 289 1450 non
315 1404 381 1476 pro
408 1378 575 1452 hostibus
603 1383 864 1456 aestimaturos.
917 1377 1049 1452 Omnia
1080 1378 1236 1477 experiri
1262 1382 1457 1454 necessitas
1475 1403 1509 1452 rs

165 1493 172 1634 'q
216 1490 385 1588 oogebat:
418 1491 550 1588 quippe
576 1514 659 1562 cum
683 1491 816 1588 primas
843 1512 926 1586 spes
952 1489 1099 1562 fortuna
1125 1489 1304 1580 destituit,
1336 1490 1460 1564 firtura

162 1637 168 1704 5
216 1600 465 1698 praesentibus
492 1600 662 1676 videntur
687 1623 767 1672 esse
791 1599 942 1697 potiora
991 1599 1106 1698 Igitur
1131 1602 1366 1692 oonolamaut,
1394 1601 1459 1684 du-

142 1739 151 1784 t
217 1721 315 1804 aeret
340 1736 412 1807 quo
438 1709 632 1782 videretur.
683 1708 805 1806 Atque
836 1709 895 1783 ille
921 1709 1098 1782 utendum
1125 1711 1252 1782 arrimis
1279 1708 1366 1782 dum
1391 1736 1464 1808 spe-

147 1817 152 1842 '
216 1822 376 1893 calerent
410 1829 528 1908 ratus,
564 1818 611 1891 ad
641 1817 825 1892 Pelusium
855 1819 988 1892 ostium
1021 1830 1205 1917 penetrat,
1238 1821 1409 1894 simulans
1435 1843 1461 1893 a

145 1983 149 1994 .
216 1929 337 2004 Dareo
364 1953 403 2003 se
428 1953 509 2004 esse
522 1930 779 2028 praemissum
818 1928 961 2002 Potitus
988 1953 1075 2028 ergo
1101 1929 1245 2021 Pelusii,
1262 1928 1460 2028 Memphim
1478 1951 1513 2000 so

218 2042 339 2140 oopias
365 2042 563 2139 promovit:
602 2039 650 2112 ad
675 2040 775 2113 cuius
800 2040 934 2114 famam
957 2041 1147 2140 Aegyptii,
1180 2065 1275 2114 vana
1304 2064 1395 2139 gens
1420 2049 1462 2114 et

216 2238 346 2294 Grseesm
363 2239 460 2320 ubique
477 2238 689 2306 invebens,sicut
699 2239 818 2294 Snnken-
851 2242 946 2296 ortissu
963 2258 984 2295 s
1002 2241 1114 2294 testim
1136 2247 1166 2294 et
1182 2239 1298 2311 optimus
1314 2239 1390 2294 Leid.
1406 2239 1461 2292 Pe-

109 2335 114 2346 -v
215 2309 293 2379 burg.
309 2307 380 2374 fecit,
398 2311 452 2361 rrm
469 2307 562 2361 afferes
579 2305 707 2378 sor-iptori.
853 2311 949 2364 lusson.

250 2379 279 2429 irs
296 2377 342 2430 illo
359 2377 442 2447 statu]
460 2376 547 2429 Abest
565 2378 593 2428 in
607 2393 624 2428 s
645 2375 819 2431 deterioribus
887 2380 912 2446 ξ.
929 2382 972 2432 80.
988 2375 1132 2446 Mmpbim
1140 2374 1194 2428 b.l.
1210 2375 1285 2430 Leid
1301 2383 1331 2429 et
1347 2382 1461 2445 uterque

216 2442 817 2512 omnibus,Bern.BPlor.(lDEFH1Voss.2
853 2443 934 2498 Bern.
952 2442 1060 2497 etPlor.
1080 2459 1171 2496 omnes
1206 2442 1353 2497 raeterCG
1376 2443 1459 2496 etism

187 2535 188 2538 ¹
215 2513 284 2567 Mox
300 2514 388 2582 utique
404 2511 529 2566 mendose
545 2529 596 2582 pro
612 2514 667 2565 utri
684 2529 820 2566 ueomnes
853 2512 983 2568 editiones
1008 2510 1091 2583 princ.
1112 2519 1142 2564 et
1167 2462 1243 2578 Ala,
1271 2527 1321 2566 nee
1339 2485 1417 2566 Pers.
1443 2519 1457 2564 l

216 2581 292 2635 aodd.
311 2579 393 2634 nostri
410 2589 439 2634 et
453 2579 535 2652 Snsln
552 2589 660 2650 praeter
702 2589 776 2634 ossl
792 2589 820 2634 et
854 2582 991 2652 Memphin
1008 2580 1056 2634 sed
1072 2579 1192 2650 Metaplri
1216 2580 1288 2650 quod
1309 2581 1344 2634 sd
1367 2579 1460 2633 termi-

216 2649 334 2716 moen,
352 2649 399 2702 sed
416 2649 444 2702 in
460 2647 511 2702 boe
528 2657 557 2701 et
574 2647 602 2701 in
619 2649 693 2702 Voss.
711 2647 818 2702 arur
856 2649 989 2703 ustionem
1010 2651 1046 2700 r'm
1068 2650 1158 2718 potius
1179 2647 1303 2718 pertinet.
1342 2647 1396 2701 Sed
1409 2665 1460 2716 po·

216 2716 503 2772 FlanElFGHlBern.
519 2717 544 2770 B
561 2715 642 2770 etism
658 2718 739 2770 bostis
756 2727 822 2771 erat.
856 2719 920 2770 titur
954 2717 1026 2787 quod
1048 2715 1140 2768 estin
1156 2715 1231 2768 Leid.
1249 2714 1324 2769 Voss.
1345 2723 1356 2768 1
1376 2717 1460 2770 Bern.

252 2789 275 2854 5.
292 2791 334 2838 28.
353 2787 474 2838 Satacem
495 2799 586 2838 omnes
607 2783 667 2837 libri
685 2784 733 2838 nisi
750 2787 821 2855 quod
855 2785 881 2838 A
903 2757 974 2838 Plor.
992 2783 1058 2849 Al),
1082 2783 1135 2836 reei
1155 2799 1200 2835 ere
1221 2801 1275 2836 non
1333 2783 1386 2850 tui,
1408 2782 1461 2836 nisi

217 2852 727 2922 deterioresStacem.VulgoArrisuum
737 2853 820 2906 secuti
854 2851 932 2905 simul
954 2867 988 2904 ex
1010 2851 1083 2905 Flor.
1107 2851 1131 2904 Ε
1170 2850 1183 2903 Ι
1205 2851 1285 2904 Bern.
1350 2861 1374 2904 et
1395 2859 1461 2904 ente

217 2938 288 2974 nune
304 2921 388 2974 edunt
406 2921 541 2973 Sabacen.
560 2920 627 2973 Vide
644 2928 820 2990 suprsmm.
855 2921 996 2990 Meruplu'm
1017 2919 1170 2986 sdiioerem,
1192 2920 1264 2990 quod
1280 2919 1356 2972 abest
1371 2936 1390 2972 s
1404 2935 1461 2972 me-

303 2989 416 3042 etoribur
437 3003 526 3042 eonas
547 2989 667 3068 iq'estos]
697 2989 819 3060 Ityraeos
854 2987 964 3043 lioribus
981 2987 1122 3042 oodieibus.

217 3007 302 3111 alitia
300 3056 360 3110 libri
378 3055 439 3109 inde
456 3072 473 3108 ι
489 3055 607 3127 prinrrpe
623 3055 752 3123 editione,
770 3057 818 3110 sio-
889 3057 1013 3126 Aegyptii
1042 3072 1113 3108 uano
1138 3071 1204 3124 qens
1226 3085 1261 3095 —
1283 3085 1318 3094 —
1343 3071 1376 3107 es
1401 3056 1461 3108 suis

217 3132 250 3178 ut
270 3123 398 3205 Aegyptii
418 3123 486 3176 iniis
503 3139 526 3178 e.
546 3131 580 3178 29
597 3126 658 3178 olim
675 3125 818 3178 Persarum
853 3126 947 3193 quique
964 3126 1029 3176 vicis
1060 3123 1145 3176 codd.
1164 3122 1269 3193 quidem
1282 3122 1367 3176 nostri
1383 3139 1461 3194 pree-

218 3195 310 3262 opilms
327 3195 425 3263 snserrsi
442 3191 578 3246 dieantur:
596 3192 643 3245 sed
660 3191 687 3245 lo
746 3209 822 3263 prse-
856 3201 900 3245 ter
915 3193 986 3246 Plor.
1005 3190 1031 3244 G
1078 3190 1462 3262 Aeqypri,sed,0pinor,quod

218 3269 275 3314 stet
291 3259 482 3332 manuscriptos
503 3260 595 3330 sequi,
618 3258 664 3329 qui
740 3277 822 3314 unum
855 3259 990 3330 geminate
1019 3259 1117 3312 vooslis
1143 3259 1207 3312 olim
1228 3275 1282 3310 non
1305 3257 1383 3312 solita
1409 3257 1462 3311 fuit

218 3345 308 3382 omnes
325 3331 434 3395 infestor
447 3327 588 3394 exbibent;
606 3325 736 3396 signifieat
752 3329 822 3382 enim
856 3327 976 3408 exprimi.
1002 3325 1107 3379 Deinde
1116 3329 1210 3395 quique
1228 3325 1319 3396 scripsi
1320 3343 1380 3446 pro
1388 3326 1461 3406 vulg.

219 3396 248 3450 in
265 3396 343 3450 ermis
360 3412 417 3449 esse
435 3404 482 3448 sut
499 3397 534 3448 sd
552 3413 626 3448 arms
642 3397 766 3462 sumenda
775 3415 822 3466 ps·
874 3413 975 3465 uisque,
995 3395 1067 3464 quod
1084 3393 1111 3446 in
1129 3411 1182 3447 uno
1200 3401 1303 3446 tantum
1339 3403 1462 3448 enostns

219 3472 299 3519 ratos.
344 3463 388 3516 De
414 3462 612 3534 permutatione
638 3464 823 3519 voeabulorum
857 3413 970 3517 blanc
992 3472 1021 3516 et
1043 3462 1077 3514 de
1095 3461 1229 3515 Snnkenb.
1251 3461 1278 3514 in
1294 3463 1372 3516 Voss.
1389 3469 1405 3516 2
1423 3462 1463 3515 le-

155 3551 160 3560 ·
219 3533 280 3586 vide
297 3532 433 3586 Drakenb.
452 3533 486 3584 ad
502 3531 561 3584 Lir.
579 3547 609 3584 11.
626 3539 660 3586 tt
677 3541 746 3586 extr.
857 3531 939 3602 gitur,
958 3547 1007 3584 neo
1023 3529 1057 3583 sd
1074 3545 1130 3583 rem
1148 3537 1242 3600 aptum
1258 3537 1313 3596 est,
1331 3547 1391 3583 eum
1408 3530 1462 3583 sin-

254 3605 331 3662 §.aa
348 3602 523 3653 necesitate
557 3601 626 3669 ebat]
645 3600 750 3654 Medius
767 3618 821 3654 nse.
857 3599 936 3678 gulse
960 3598 1096 3664 civitates,
1127 3615 1181 3652 non
1206 3597 1303 3668 singuli
1333 3597 1462 3665 homines,

219 3670 354 3738 subigebat
371 3667 513 3721 lectoribus
524 3617 646 3720 illudens
664 3667 823 3722 Sallustiana
856 3666 1047 3737 mtelligeutur.
1082 3666 1149 3720 Mox
1170 3665 1234 3719 editi
1257 3669 1295 3718 od
1310 3668 1358 3720 lroc
1374 3669 1462 3736 ipsun

219 3735 429 3802 oonstruetione,
453 3735 527 3788 euius
549 3751 583 3788 ne
603 3736 744 3806 vestigium
764 3737 822 3808 qui-
856 3745 1027 3801 emmanuet,
1054 3735 1219 3788 adsidendo
1237 3735 1391 3804 prasidio,
1415 3735 1463 3788 sed

220 3805 281 3857 deur
298 3803 381 3856 ullum
397 3803 425 3856 in
443 3803 516 3856 libris
532 3821 593 3857 mss.
611 3812 661 3857 est.
857 3821 917 3857 mss.
934 3803 1060 3874 ignorant
1067 3802 1140 3873 prius
1149 3801 1214 3855 illud
1223 3806 1273 3856 ad:
1290 3803 1374 3857 nostri
1389 3812 1463 3856 oerte

254 3875 292 3926 ad
312 3873 446 3924 Pelusium
474 3873 578 3939 ostiwn]
605 3872 702 3926 Adbuo
723 3871 823 3926 editum
857 3887 960 3940 omnes,
985 3877 1092 3941 praeter
1108 3870 1179 3924 Flor.
1193 3869 1225 3924 G
1251 3869 1279 3923 in
1296 3889 1350 3941 quo
1366 3879 1408 3924 est
1425 3874 1465 3923 ud

219 3941 271 4020 sur
287 3941 436 4019 arruns·
452 3941 557 4018 ositos,
575 3940 621 3992 ssu
638 3941 700 3993 nus
717 3941 824 4021 quisqu
858 3941 925 4020 punc
947 3941 1046 4010 ipsum:
1064 3939 1146 3992 sin.
1171 3939 1198 4020 ’ρ
1219 3911 1293 3992 les
1310 3939 1400 4018 seem
1417 3941 1462 4017 qs,

220 4007 824 4156 stesssststssusuu:
858 4026 891 4129 :s
904 4005 1330 4144 tutusluntss
1346 4012 1462 4154 stus

220 4144 355 4209 lusrsoum,
365 4144 528 4211 Tunrtreum,
541 4143 756 4212 Sebennytrcum.
774 4145 824 4197 Pe·
858 4147 896 4197 ad
912 4152 1001 4197 tutum
1018 4144 1136 4206 videtur,
1159 4143 1297 4213 multoque
1317 4161 1403 4195 rnrnus
1420 4151 1463 4194 to-

136 4239 137 4244 =
221 4215 306 4266 lusiur
329 4229 392 4265 vero
412 4229 497 4283 seque
518 4219 548 4265 et
565 4211 665 4266 Graeoe
682 4220 712 4265 et
728 4211 823 4265 Latine
858 4221 914 4265 tum
932 4215 978 4266 lior
996 4212 1081 4280 ipsum
1098 4210 1216 4277 delerim,
1236 4211 1333 4263 veritus
1350 4210 1464 4281 nequid

220 4289 263 4334 est
279 4281 482 4334 aePelusiocus.
510 4281 620 4335 (lodioes
637 4281 743 4351 quidem
760 4280 823 4334 elias
857 4281 983 4349 antiquae
1000 4278 1170 4350 proprietatis
1185 4278 1283 4332 tullum.
1308 4280 1463 4348 Hocipsum

220 4347 377 4418 integriores
398 4347 472 4402 Flor.
486 4350 542 4402 AB
566 4350 646 4402 Bern.
663 4354 689 4402 A
712 4349 788 4403 Voss.
808 4357 821 4402 l
857 4349 892 4400 sd
908 4356 996 4402 totum
1013 4349 1159 4401 membrum
1181 4350 1220 4401 ad
1235 4349 1345 4400 delenda
1359 4347 1464 4416 proesi-

222 4418 338 4484 Pelusii,
369 4416 417 4470 sed
447 4415 541 4488 reliqui
572 4435 662 4473 omnes
687 4419 822 4472 Pelusirarr
858 4419 904 4471 dia
925 4417 1070 4471 Persarum
1093 4426 1250 4470 concurrunt
1271 4415 1310 4468 its
1330 4414 1463 4485 pertinere
