<?xml version="1.0" encoding="UTF-8"?>
<!DOCTYPE html PUBLIC "-//W3C//DTD XHTML 1.0 Transitional//EN"
    "http://www.w3.org/TR/xhtml1/DTD/xhtml1-transitional.dtd">
<html xmlns="http://www.w3.org/1999/xhtml" xml:lang="en" lang="en">
 <head>
  <title>
</title>
<meta http-equiv="Content-Type" content="text/html;charset=utf-8" />
  <meta name='ocr-system' content='tesseract 3.04.00' />
  <meta name='ocr-capabilities' content='ocr_page ocr_carea ocr_par ocr_line ocrx_word'/>
</head>
<body>
  <div class='ocr_page' id='page_1' title='image "./qcurtiirufidege03rufugoog_0533.png"; bbox 0 0 3300 5044; ppageno 0'>
   <div class='ocr_carea' id='block_1_1' title="bbox 241 295 1001 376">
    <p class='ocr_par' dir='ltr' id='par_1_1' title="bbox 241 295 1001 376">
     <span class='ocr_line' id='line_1_1' title="bbox 241 295 1001 376; baseline -0.007 -9"><span class='ocrx_word' id='word_1_1' title='bbox 241 295 314 367; x_wconf 84' lang='lat'><strong>506</strong></span> <span class='ocrx_word' id='word_1_2' title='bbox 709 311 743 376; x_wconf 85' lang='lat' dir='ltr'><strong>o.</strong></span> <span class='ocrx_word' id='word_1_3' title='bbox 771 311 894 363; x_wconf 83' lang='lat' dir='ltr'><strong>cunrrr</strong></span> <span class='ocrx_word' id='word_1_4' title='bbox 918 311 1001 363; x_wconf 77' lang='lat' dir='ltr'><strong>surr</strong></span> 
     </span>
    </p>
   </div>
   <div class='ocr_carea' id='block_1_2' title="bbox 179 493 1599 2474">
    <p class='ocr_par' dir='ltr' id='par_1_2' title="bbox 236 493 1519 1257">
     <span class='ocr_line' id='line_1_2' title="bbox 238 493 1475 592; baseline 0.002 -25"><span class='ocrx_word' id='word_1_5' title='bbox 238 507 314 567; x_wconf 83' lang='lat' dir='ltr'><strong>tam</strong></span> <span class='ocrx_word' id='word_1_6' title='bbox 340 493 490 566; x_wconf 89' lang='lat' dir='ltr'><strong>viridem</strong></span> <span class='ocrx_word' id='word_1_7' title='bbox 523 507 560 569; x_wconf 88' lang='lat' dir='ltr'><strong>et</strong></span> <span class='ocrx_word' id='word_1_8' title='bbox 592 497 627 571; x_wconf 90' lang='lat' dir='ltr'><strong>in</strong></span> <span class='ocrx_word' id='word_1_9' title='bbox 654 497 741 570; x_wconf 91' lang='lat' dir='ltr'><strong>flore</strong></span> <span class='ocrx_word' id='word_1_10' title='bbox 773 499 900 570; x_wconf 87' lang='lat' dir='ltr'><strong>aetatis</strong></span> <span class='ocrx_word' id='word_1_11' title='bbox 932 497 1166 592; x_wconf 78' lang='lat' dir='ltr'>fortunaeque</span> <span class='ocrx_word' id='word_1_12' title='bbox 1200 499 1335 572; x_wconf 87' lang='lat' dir='ltr'><strong>invidia</strong></span> <span class='ocrx_word' id='word_1_13' title='bbox 1368 497 1475 573; x_wconf 92' lang='lat' dir='ltr'><strong>deum</strong></span> 
     </span>
     <span class='ocr_line' id='line_1_3' title="bbox 238 607 1476 705; baseline 0.006 -29"><span class='ocrx_word' id='word_1_14' title='bbox 238 614 401 702; x_wconf 89' lang='lat' dir='ltr'><strong>ereptum</strong></span> <span class='ocrx_word' id='word_1_15' title='bbox 428 631 507 681; x_wconf 86' lang='lat' dir='ltr'><strong>esse</strong></span> <span class='ocrx_word' id='word_1_16' title='bbox 533 611 640 683; x_wconf 90' lang='lat' dir='ltr'><strong>rebus</strong></span> <span class='ocrx_word' id='word_1_17' title='bbox 666 610 837 682; x_wconf 71' lang='lat' dir='ltr'><strong>humanis,</strong></span> <span class='ocrx_word' id='word_1_18' title='bbox 877 607 989 705; x_wconf 83' lang='lat' dir='ltr'>Vigor</span> <span class='ocrx_word' id='word_1_19' title='bbox 1014 608 1090 679; x_wconf 90' lang='lat' dir='ltr'><strong>eius</strong></span> <span class='ocrx_word' id='word_1_20' title='bbox 1117 617 1154 679; x_wconf 93' lang='lat' dir='ltr'><strong>et</strong></span> <span class='ocrx_word' id='word_1_21' title='bbox 1176 611 1297 682; x_wconf 86' lang='lat' dir='ltr'><strong>vultus</strong></span> <span class='ocrx_word' id='word_1_22' title='bbox 1323 610 1476 684; x_wconf 90' lang='lat' dir='ltr'><strong>eduoen·</strong></span> 
     </span>
     <span class='ocr_line' id='line_1_4' title="bbox 239 715 1477 814; baseline 0.006 -29"><span class='ocrx_word' id='word_1_23' title='bbox 239 715 284 787; x_wconf 85' lang='lat' dir='ltr'><strong>tis</strong></span> <span class='ocrx_word' id='word_1_24' title='bbox 312 716 347 787; x_wconf 94' lang='lat' dir='ltr'><strong>in</strong></span> <span class='ocrx_word' id='word_1_25' title='bbox 375 720 549 814; x_wconf 89' lang='lat' dir='ltr'><strong>proelium</strong></span> <span class='ocrx_word' id='word_1_26' title='bbox 576 723 722 810; x_wconf 85' lang='lat' dir='ltr'>milites,</span> <span class='ocrx_word' id='word_1_27' title='bbox 749 719 943 794; x_wconf 88' lang='lat' dir='ltr'><strong>obsidentis</strong></span> <span class='ocrx_word' id='word_1_28' title='bbox 971 717 1098 807; x_wconf 88' lang='lat' dir='ltr'><strong>urbes,</strong></span> <span class='ocrx_word' id='word_1_29' title='bbox 1125 719 1311 793; x_wconf 85' lang='lat' dir='ltr'><strong>evadentis</strong></span> <span class='ocrx_word' id='word_1_30' title='bbox 1336 722 1373 793; x_wconf 89' lang='lat' dir='ltr'><strong>in</strong></span> <span class='ocrx_word' id='word_1_31' title='bbox 1400 747 1477 793; x_wconf 91' lang='lat' dir='ltr'><strong>mn·</strong></span> 
     </span>
     <span class='ocr_line' id='line_1_5' title="bbox 237 829 1476 928; baseline 0.002 -29"><span class='ocrx_word' id='word_1_32' title='bbox 237 851 314 917; x_wconf 92' lang='lat' dir='ltr'><strong>ros,</strong></span> <span class='ocrx_word' id='word_1_33' title='bbox 349 829 460 902; x_wconf 88' lang='lat' dir='ltr'><strong>fortes</strong></span> <span class='ocrx_word' id='word_1_34' title='bbox 488 833 583 902; x_wconf 91' lang='lat' dir='ltr'><strong>viros</strong></span> <span class='ocrx_word' id='word_1_35' title='bbox 612 856 677 928; x_wconf 93' lang='lat' dir='ltr'><strong>pro</strong></span> <span class='ocrx_word' id='word_1_36' title='bbox 703 832 866 903; x_wconf 86' lang='lat' dir='ltr'><strong>contione</strong></span> <span class='ocrx_word' id='word_1_37' title='bbox 898 829 1064 902; x_wconf 85' lang='lat' dir='ltr'><strong>donantis</strong></span> <span class='ocrx_word' id='word_1_38' title='bbox 1091 832 1327 903; x_wconf 86' lang='lat' dir='ltr'><strong>occurrebant</strong></span> <span class='ocrx_word' id='word_1_39' title='bbox 1353 833 1476 904; x_wconf 85' lang='lat' dir='ltr'><strong>oculis.</strong></span> 
     </span>
     <span class='ocr_line' id='line_1_6' title="bbox 237 937 1519 1038; baseline -0.005 -27"><span class='ocrx_word' id='word_1_40' title='bbox 237 937 329 1012; x_wconf 93' lang='lat' dir='ltr'><strong>Tum</strong></span> <span class='ocrx_word' id='word_1_41' title='bbox 350 939 565 1013; x_wconf 78' lang='lat' dir='ltr'><strong>Maeedones</strong></span> <span class='ocrx_word' id='word_1_42' title='bbox 591 939 730 1011; x_wconf 91' lang='lat' dir='ltr'><strong>divinos</strong></span> <span class='ocrx_word' id='word_1_43' title='bbox 757 941 909 1013; x_wconf 82' lang='lat' dir='ltr'>honores</span> <span class='ocrx_word' id='word_1_44' title='bbox 936 965 1084 1038; x_wconf 81' lang='lat' dir='ltr'>negasse</span> <span class='ocrx_word' id='word_1_45' title='bbox 1111 940 1143 1011; x_wconf 89' lang='lat' dir='ltr'><strong>ei</strong></span> <span class='ocrx_word' id='word_1_46' title='bbox 1170 941 1385 1036; x_wconf 86' lang='lat' dir='ltr'><strong>poenitebat,</strong></span> <span class='ocrx_word' id='word_1_47' title='bbox 1414 943 1477 1013; x_wconf 91' lang='lat' dir='ltr'><strong>im·</strong></span> <span class='ocrx_word' id='word_1_48' title='bbox 1497 963 1519 1006; x_wconf 94' lang='grc' dir='ltr'><strong>ιι</strong></span> 
     </span>
     <span class='ocr_line' id='line_1_7' title="bbox 237 1049 1478 1148; baseline 0.002 -26"><span class='ocrx_word' id='word_1_49' title='bbox 237 1051 386 1148; x_wconf 92' lang='lat' dir='ltr'><strong>piosque</strong></span> <span class='ocrx_word' id='word_1_50' title='bbox 399 1061 450 1148; x_wconf 73' lang='lat' dir='ltr'><strong>⁸et</strong></span> <span class='ocrx_word' id='word_1_51' title='bbox 476 1051 635 1146; x_wconf 88' lang='lat' dir='ltr'><strong>ingratos</strong></span> <span class='ocrx_word' id='word_1_52' title='bbox 661 1051 770 1122; x_wconf 86' lang='lat' dir='ltr'><strong>fnisse</strong></span> <span class='ocrx_word' id='word_1_53' title='bbox 796 1075 834 1122; x_wconf 92' lang='lat' dir='ltr'><strong>se</strong></span> <span class='ocrx_word' id='word_1_54' title='bbox 853 1051 1124 1140; x_wconf 86' lang='lat' dir='ltr'><strong>confitebantur,</strong></span> <span class='ocrx_word' id='word_1_55' title='bbox 1151 1049 1249 1147; x_wconf 93' lang='lat' dir='ltr'><strong>quod</strong></span> <span class='ocrx_word' id='word_1_56' title='bbox 1274 1075 1379 1123; x_wconf 86' lang='lat' dir='ltr'><strong>aures</strong></span> <span class='ocrx_word' id='word_1_57' title='bbox 1399 1053 1478 1126; x_wconf 89' lang='lat' dir='ltr'><strong>eius</strong></span> 
     </span>
     <span class='ocr_line' id='line_1_8' title="bbox 236 1158 883 1257; baseline -0.002 -26"><span class='ocrx_word' id='word_1_58' title='bbox 236 1158 358 1232; x_wconf 87' lang='lat' dir='ltr'><strong>debita</strong></span> <span class='ocrx_word' id='word_1_59' title='bbox 383 1160 622 1257; x_wconf 79' lang='lat' dir='ltr'>appellatione</span> <span class='ocrx_word' id='word_1_60' title='bbox 648 1159 883 1232; x_wconf 84' lang='lat' dir='ltr'><strong>fraudassent</strong></span> 
     </span>
    </p>

    <p class='ocr_par' dir='ltr' id='par_1_3' title="bbox 188 1268 1599 2033">
     <span class='ocr_line' id='line_1_9' title="bbox 188 1268 1537 1363; baseline 0.004 -24"><span class='ocrx_word' id='word_1_61' title='bbox 188 1270 233 1340; x_wconf 87' lang='lat'><strong>16</strong></span> <span class='ocrx_word' id='word_1_62' title='bbox 339 1268 494 1343; x_wconf 85' lang='lat' dir='ltr'><strong>Etcum</strong></span> <span class='ocrx_word' id='word_1_63' title='bbox 527 1268 587 1342; x_wconf 93' lang='lat' dir='ltr'><strong>diu</strong></span> <span class='ocrx_word' id='word_1_64' title='bbox 628 1295 721 1342; x_wconf 86' lang='lat' dir='ltr'><strong>nunc</strong></span> <span class='ocrx_word' id='word_1_65' title='bbox 759 1271 795 1342; x_wconf 94' lang='lat' dir='ltr'><strong>in</strong></span> <span class='ocrx_word' id='word_1_66' title='bbox 822 1273 1067 1363; x_wconf 88' lang='lat' dir='ltr'><strong>veneratione,</strong></span> <span class='ocrx_word' id='word_1_67' title='bbox 1106 1297 1202 1344; x_wconf 86' lang='lat' dir='ltr'><strong>nuno</strong></span> <span class='ocrx_word' id='word_1_68' title='bbox 1234 1270 1270 1343; x_wconf 93' lang='lat' dir='ltr'><strong>in</strong></span> <span class='ocrx_word' id='word_1_69' title='bbox 1297 1268 1477 1343; x_wconf 87' lang='lat' dir='ltr'><strong>desiderio</strong></span> <span class='ocrx_word' id='word_1_70' title='bbox 1530 1285 1537 1296; x_wconf 83' lang='lat'><em>&#39;</em></span> 
     </span>
     <span class='ocr_line' id='line_1_10' title="bbox 236 1379 1524 1480; baseline 0.002 -29"><span class='ocrx_word' id='word_1_71' title='bbox 236 1379 330 1477; x_wconf 86' lang='lat' dir='ltr'><strong>regis</strong></span> <span class='ocrx_word' id='word_1_72' title='bbox 356 1380 572 1472; x_wconf 77' lang='lat' dir='ltr'><strong>haesissent,</strong></span> <span class='ocrx_word' id='word_1_73' title='bbox 607 1381 655 1453; x_wconf 92' lang='lat' dir='ltr'><strong>in·</strong></span> <span class='ocrx_word' id='word_1_74' title='bbox 671 1383 766 1480; x_wconf 92' lang='lat' dir='ltr'><strong>ipsos</strong></span> <span class='ocrx_word' id='word_1_75' title='bbox 793 1405 897 1454; x_wconf 86' lang='lat' dir='ltr'><strong>versa</strong></span> <span class='ocrx_word' id='word_1_76' title='bbox 930 1383 1111 1456; x_wconf 76' lang='lat' dir='ltr'><strong>miseratio</strong></span> <span class='ocrx_word' id='word_1_77' title='bbox 1146 1395 1212 1455; x_wconf 84' lang='lat' dir='ltr'><strong>est</strong></span> <span class='ocrx_word' id='word_1_78' title='bbox 1264 1380 1479 1454; x_wconf 80' lang='lat' dir='ltr'><strong>Macedonia</strong></span> <span class='ocrx_word' id='word_1_79' title='bbox 1497 1403 1524 1446; x_wconf 77' lang='lat'><strong>12</strong></span> 
     </span>
     <span class='ocr_line' id='line_1_11' title="bbox 235 1489 1478 1590; baseline 0.003 -30"><span class='ocrx_word' id='word_1_80' title='bbox 235 1490 385 1587; x_wconf 87' lang='lat' dir='ltr'><strong>profecti</strong></span> <span class='ocrx_word' id='word_1_81' title='bbox 418 1491 512 1564; x_wconf 84' lang='lat' dir='ltr'><strong>ultra</strong></span> <span class='ocrx_word' id='word_1_82' title='bbox 537 1490 745 1590; x_wconf 82' lang='lat' dir='ltr'><strong>Euphraten</strong></span> <span class='ocrx_word' id='word_1_83' title='bbox 779 1493 815 1564; x_wconf 93' lang='lat' dir='ltr'><strong>in</strong></span> <span class='ocrx_word' id='word_1_84' title='bbox 846 1489 970 1566; x_wconf 88' lang='lat' dir='ltr'><strong>mediis</strong></span> <span class='ocrx_word' id='word_1_85' title='bbox 1002 1492 1165 1567; x_wconf 87' lang='lat' dir='ltr'><strong>hostibus</strong></span> <span class='ocrx_word' id='word_1_86' title='bbox 1197 1517 1334 1566; x_wconf 90' lang='lat' dir='ltr'><strong>novum</strong></span> <span class='ocrx_word' id='word_1_87' title='bbox 1365 1492 1478 1590; x_wconf 80' lang='lat' dir='ltr'><strong>impe</strong></span> 
     </span>
     <span class='ocr_line' id='line_1_12' title="bbox 234 1597 1599 1704; baseline 0.004 -32"><span class='ocrx_word' id='word_1_88' title='bbox 234 1597 328 1672; x_wconf 87' lang='lat' dir='ltr'><strong>rium</strong></span> <span class='ocrx_word' id='word_1_89' title='bbox 353 1601 627 1700; x_wconf 84' lang='lat' dir='ltr'><strong>aspernantibus</strong></span> <span class='ocrx_word' id='word_1_90' title='bbox 653 1599 842 1676; x_wconf 89' lang='lat' dir='ltr'><strong>destitutos</strong></span> <span class='ocrx_word' id='word_1_91' title='bbox 868 1625 907 1674; x_wconf 89' lang='lat' dir='ltr'><strong>se</strong></span> <span class='ocrx_word' id='word_1_92' title='bbox 933 1625 1010 1676; x_wconf 88' lang='lat' dir='ltr'><strong>esse</strong></span> <span class='ocrx_word' id='word_1_93' title='bbox 1034 1603 1244 1692; x_wconf 82' lang='lat' dir='ltr'><strong>semebant;</strong></span> <span class='ocrx_word' id='word_1_94' title='bbox 1272 1605 1349 1675; x_wconf 90' lang='lat' dir='ltr'><strong>sine</strong></span> <span class='ocrx_word' id='word_1_95' title='bbox 1374 1615 1478 1677; x_wconf 86' lang='lat' dir='ltr'><strong>certo</strong></span> <span class='ocrx_word' id='word_1_96' title='bbox 1598 1699 1599 1704; x_wconf 6' lang='grc' dir='ltr'><strong>Ἰ</strong></span> 
     </span>
     <span class='ocr_line' id='line_1_13' title="bbox 235 1711 1599 1810; baseline 0.003 -27"><span class='ocrx_word' id='word_1_97' title='bbox 235 1712 329 1809; x_wconf 85' lang='lat' dir='ltr'><strong>regis</strong></span> <span class='ocrx_word' id='word_1_98' title='bbox 375 1711 507 1786; x_wconf 87' lang='lat' dir='ltr'><strong>herede</strong></span> <span class='ocrx_word' id='word_1_99' title='bbox 547 1713 707 1810; x_wconf 88' lang='lat' dir='ltr'><strong>publioas</strong></span> <span class='ocrx_word' id='word_1_100' title='bbox 746 1715 839 1786; x_wconf 90' lang='lat' dir='ltr'><strong>vires</strong></span> <span class='ocrx_word' id='word_1_101' title='bbox 879 1711 926 1784; x_wconf 83' lang='lat' dir='ltr'><strong>nd</strong></span> <span class='ocrx_word' id='word_1_102' title='bbox 970 1737 1010 1787; x_wconf 91' lang='lat' dir='ltr'><strong>se</strong></span> <span class='ocrx_word' id='word_1_103' title='bbox 1049 1737 1226 1810; x_wconf 88' lang='lat' dir='ltr'><strong>quemque</strong></span> <span class='ocrx_word' id='word_1_104' title='bbox 1264 1723 1478 1786; x_wconf 80' lang='lat' dir='ltr'><strong>tracturum.</strong></span> <span class='ocrx_word' id='word_1_105' title='bbox 1511 1771 1516 1778; x_wconf 93' lang='lat'><em>.</em></span> <span class='ocrx_word' id='word_1_106' title='bbox 1598 1737 1599 1756; x_wconf 63' lang='lat'>¹</span> 
     </span>
     <span class='ocr_line' id='line_1_14' title="bbox 233 1819 1524 1922; baseline 0.004 -29"><span class='ocrx_word' id='word_1_107' title='bbox 233 1819 334 1894; x_wconf 91' lang='lat' dir='ltr'><strong>Bella</strong></span> <span class='ocrx_word' id='word_1_108' title='bbox 359 1820 488 1895; x_wconf 93' lang='lat' dir='ltr'><strong>deinde</strong></span> <span class='ocrx_word' id='word_1_109' title='bbox 515 1823 639 1911; x_wconf 77' lang='lat' dir='ltr'><strong>civilia,</strong></span> <span class='ocrx_word' id='word_1_110' title='bbox 666 1849 756 1920; x_wconf 90' lang='lat' dir='ltr'><strong>quae</strong></span> <span class='ocrx_word' id='word_1_111' title='bbox 782 1834 904 1896; x_wconf 82' lang='lat' dir='ltr'><strong>secuta</strong></span> <span class='ocrx_word' id='word_1_112' title='bbox 925 1835 1018 1914; x_wconf 86' lang='lat' dir='ltr'><strong>sunt,</strong></span> <span class='ocrx_word' id='word_1_113' title='bbox 1046 1825 1226 1897; x_wconf 89' lang='lat' dir='ltr'><strong>mentibus</strong></span> <span class='ocrx_word' id='word_1_114' title='bbox 1247 1823 1524 1922; x_wconf 64' lang='lat' dir='ltr'><strong>augurem-1³</strong></span> 
     </span>
     <span class='ocr_line' id='line_1_15' title="bbox 233 1932 1478 2033; baseline 0.003 -30"><span class='ocrx_word' id='word_1_115' title='bbox 233 1941 310 2003; x_wconf 88' lang='lat' dir='ltr'><strong>tur:</strong></span> <span class='ocrx_word' id='word_1_116' title='bbox 336 1932 481 2022; x_wconf 89' lang='lat' dir='ltr'><strong>iterum,</strong></span> <span class='ocrx_word' id='word_1_117' title='bbox 516 1959 589 2006; x_wconf 94' lang='lat' dir='ltr'><strong>non</strong></span> <span class='ocrx_word' id='word_1_118' title='bbox 616 1933 661 2007; x_wconf 93' lang='lat' dir='ltr'><strong>de</strong></span> <span class='ocrx_word' id='word_1_119' title='bbox 688 1959 796 2031; x_wconf 85' lang='lat' dir='ltr'><strong>regno</strong></span> <span class='ocrx_word' id='word_1_120' title='bbox 823 1933 948 2024; x_wconf 84' lang='lat' dir='ltr'><strong>Asiae,</strong></span> <span class='ocrx_word' id='word_1_121' title='bbox 983 1934 1048 2008; x_wconf 90' lang='lat' dir='ltr'><strong>sed</strong></span> <span class='ocrx_word' id='word_1_122' title='bbox 1075 1934 1121 2007; x_wconf 90' lang='lat' dir='ltr'><strong>de</strong></span> <span class='ocrx_word' id='word_1_123' title='bbox 1146 1959 1247 2033; x_wconf 83' lang='lat' dir='ltr'><strong>rege,</strong></span> <span class='ocrx_word' id='word_1_124' title='bbox 1279 1935 1365 2032; x_wconf 93' lang='lat' dir='ltr'><strong>ipsis</strong></span> <span class='ocrx_word' id='word_1_125' title='bbox 1393 1960 1478 2007; x_wconf 85' lang='lat' dir='ltr'><strong>san·</strong></span> 
     </span>
    </p>

    <p class='ocr_par' dir='ltr' id='par_1_4' title="bbox 179 2041 1527 2474">
     <span class='ocr_line' id='line_1_16' title="bbox 179 2041 1480 2144; baseline 0.002 -29"><span class='ocrx_word' id='word_1_126' title='bbox 179 2041 186 2053; x_wconf 86' lang='grc'><strong>’</strong></span> <span class='ocrx_word' id='word_1_127' title='bbox 233 2044 377 2140; x_wconf 85' lang='lat' dir='ltr'><strong>guinem</strong></span> <span class='ocrx_word' id='word_1_128' title='bbox 404 2067 483 2117; x_wconf 89' lang='lat' dir='ltr'><strong>esse</strong></span> <span class='ocrx_word' id='word_1_129' title='bbox 508 2043 745 2136; x_wconf 87' lang='lat' dir='ltr'><strong>fundendum;</strong></span> <span class='ocrx_word' id='word_1_130' title='bbox 779 2045 881 2116; x_wconf 89' lang='lat' dir='ltr'><strong>novis</strong></span> <span class='ocrx_word' id='word_1_131' title='bbox 907 2045 1114 2118; x_wconf 87' lang='lat' dir='ltr'><strong>vulneribus</strong></span> <span class='ocrx_word' id='word_1_132' title='bbox 1142 2057 1283 2118; x_wconf 89' lang='lat' dir='ltr'><strong>veteres</strong></span> <span class='ocrx_word' id='word_1_133' title='bbox 1309 2070 1480 2144; x_wconf 89' lang='lat' dir='ltr'><strong>rumpen-</strong></span> 
     </span>
     <span class='ocr_line' id='line_1_17' title="bbox 234 2151 1524 2254; baseline 0.002 -29"><span class='ocrx_word' id='word_1_134' title='bbox 234 2151 300 2226; x_wconf 84' lang='lat' dir='ltr'><strong>das</strong></span> <span class='ocrx_word' id='word_1_135' title='bbox 327 2155 523 2245; x_wconf 61' lang='lat' dir='ltr'><strong>cicatricem</strong></span> <span class='ocrx_word' id='word_1_136' title='bbox 549 2179 663 2247; x_wconf 89' lang='lat' dir='ltr'><strong>senes,</strong></span> <span class='ocrx_word' id='word_1_137' title='bbox 689 2155 832 2244; x_wconf 87' lang='lat' dir='ltr'><strong>debiles,</strong></span> <span class='ocrx_word' id='word_1_138' title='bbox 859 2153 966 2227; x_wconf 93' lang='lat' dir='ltr'><strong>modo</strong></span> <span class='ocrx_word' id='word_1_139' title='bbox 992 2156 1110 2254; x_wconf 85' lang='lat' dir='ltr'><strong>petito·</strong></span> <span class='ocrx_word' id='word_1_140' title='bbox 1130 2156 1299 2231; x_wconf 87' lang='lat' dir='ltr'><strong>missione</strong></span> <span class='ocrx_word' id='word_1_141' title='bbox 1324 2180 1347 2228; x_wconf 89' lang='lat' dir='ltr'><strong>a</strong></span> <span class='ocrx_word' id='word_1_142' title='bbox 1371 2157 1474 2230; x_wconf 82' lang='lat' dir='ltr'><strong>iusto</strong></span> <span class='ocrx_word' id='word_1_143' title='bbox 1494 2181 1524 2228; x_wconf 86' lang='grc' dir='ltr'><strong>ιι</strong></span> 
     </span>
     <span class='ocr_line' id='line_1_18' title="bbox 233 2265 1478 2365; baseline 0.003 -29"><span class='ocrx_word' id='word_1_144' title='bbox 233 2289 334 2362; x_wconf 86' lang='lat' dir='ltr'><strong>rege,</strong></span> <span class='ocrx_word' id='word_1_145' title='bbox 374 2291 469 2338; x_wconf 89' lang='lat' dir='ltr'><strong>nunc</strong></span> <span class='ocrx_word' id='word_1_146' title='bbox 494 2268 686 2340; x_wconf 89' lang='lat' dir='ltr'><strong>morituros</strong></span> <span class='ocrx_word' id='word_1_147' title='bbox 713 2291 777 2365; x_wconf 93' lang='lat' dir='ltr'><strong>pro</strong></span> <span class='ocrx_word' id='word_1_148' title='bbox 811 2265 972 2363; x_wconf 89' lang='lat' dir='ltr'><strong>potentia</strong></span> <span class='ocrx_word' id='word_1_149' title='bbox 997 2267 1148 2339; x_wconf 81' lang='lat' dir='ltr'><strong>forsitan</strong></span> <span class='ocrx_word' id='word_1_150' title='bbox 1175 2267 1339 2340; x_wconf 84' lang='lat' dir='ltr'><strong>satellitis</strong></span> <span class='ocrx_word' id='word_1_151' title='bbox 1365 2269 1478 2340; x_wconf 83' lang='lat' dir='ltr'><strong>alicu·</strong></span> 
     </span>
     <span class='ocr_line' id='line_1_19' title="bbox 232 2376 1527 2474; baseline 0.002 -26"><span class='ocrx_word' id='word_1_152' title='bbox 232 2377 288 2448; x_wconf 92' lang='lat' dir='ltr'><strong>ius</strong></span> <span class='ocrx_word' id='word_1_153' title='bbox 315 2377 489 2472; x_wconf 85' lang='lat' dir='ltr'><strong>ignobilis.</strong></span> <span class='ocrx_word' id='word_1_154' title='bbox 541 2376 617 2450; x_wconf 84' lang='lat' dir='ltr'><strong>Has</strong></span> <span class='ocrx_word' id='word_1_155' title='bbox 643 2377 874 2474; x_wconf 83' lang='lat' dir='ltr'><strong>cogitationes</strong></span> <span class='ocrx_word' id='word_1_156' title='bbox 899 2377 1127 2451; x_wconf 87' lang='lat' dir='ltr'><strong>volventibus</strong></span> <span class='ocrx_word' id='word_1_157' title='bbox 1149 2401 1226 2448; x_wconf 85' lang='lat' dir='ltr'><strong>nox</strong></span> <span class='ocrx_word' id='word_1_158' title='bbox 1251 2377 1476 2474; x_wconf 87' lang='lat' dir='ltr'><strong>supervenit,</strong></span> <span class='ocrx_word' id='word_1_159' title='bbox 1499 2396 1527 2442; x_wconf 80' lang='lat'><strong>¹⁵</strong></span> 
     </span>
    </p>
   </div>
   <div class='ocr_carea' id='block_1_3' title="bbox 232 2485 1599 2805">
    <p class='ocr_par' dir='ltr' id='par_1_5' title="bbox 232 2485 1599 2805">
     <span class='ocr_line' id='line_1_20' title="bbox 232 2485 1479 2585; baseline 0.001 -26"><span class='ocrx_word' id='word_1_160' title='bbox 232 2503 477 2584; x_wconf 88' lang='lat' dir='ltr'><strong>terroremque</strong></span> <span class='ocrx_word' id='word_1_161' title='bbox 503 2489 614 2560; x_wconf 87' lang='lat' dir='ltr'><strong>auxit.</strong></span> <span class='ocrx_word' id='word_1_162' title='bbox 666 2487 795 2560; x_wconf 89' lang='lat' dir='ltr'><strong>Milites</strong></span> <span class='ocrx_word' id='word_1_163' title='bbox 827 2489 864 2560; x_wconf 93' lang='lat' dir='ltr'><strong>in</strong></span> <span class='ocrx_word' id='word_1_164' title='bbox 898 2487 1004 2560; x_wconf 84' lang='lat' dir='ltr'><strong>armis</strong></span> <span class='ocrx_word' id='word_1_165' title='bbox 1037 2485 1252 2585; x_wconf 81' lang='lat' dir='ltr'><strong>vigilabant3</strong></span> <span class='ocrx_word' id='word_1_166' title='bbox 1284 2485 1479 2584; x_wconf 89' lang='lat' dir='ltr'><strong>Babylonii</strong></span> 
     </span>
     <span class='ocr_line' id='line_1_21' title="bbox 232 2597 1479 2695; baseline 0 -25"><span class='ocrx_word' id='word_1_167' title='bbox 232 2597 322 2670; x_wconf 87' lang='lat' dir='ltr'><strong>alius</strong></span> <span class='ocrx_word' id='word_1_168' title='bbox 350 2623 369 2670; x_wconf 90' lang='lat' dir='ltr'><strong>e</strong></span> <span class='ocrx_word' id='word_1_169' title='bbox 397 2598 517 2686; x_wconf 90' lang='lat' dir='ltr'><strong>muris,</strong></span> <span class='ocrx_word' id='word_1_170' title='bbox 544 2600 633 2671; x_wconf 88' lang='lat' dir='ltr'><strong>alius</strong></span> <span class='ocrx_word' id='word_1_171' title='bbox 659 2598 809 2670; x_wconf 88' lang='lat' dir='ltr'><strong>culmine</strong></span> <span class='ocrx_word' id='word_1_172' title='bbox 835 2599 889 2671; x_wconf 92' lang='lat' dir='ltr'><strong>sui</strong></span> <span class='ocrx_word' id='word_1_173' title='bbox 906 2599 1055 2695; x_wconf 90' lang='lat' dir='ltr'><strong>quisque</strong></span> <span class='ocrx_word' id='word_1_174' title='bbox 1081 2598 1167 2670; x_wconf 86' lang='lat' dir='ltr'><strong>tecti</strong></span> <span class='ocrx_word' id='word_1_175' title='bbox 1185 2599 1479 2695; x_wconf 84' lang='lat' dir='ltr'><strong>prospectabant,</strong></span> 
     </span>
     <span class='ocr_line' id='line_1_22' title="bbox 233 2707 1599 2805; baseline 0.007 -26"><span class='ocrx_word' id='word_1_176' title='bbox 233 2710 333 2803; x_wconf 89' lang='lat' dir='ltr'><strong>quasi</strong></span> <span class='ocrx_word' id='word_1_177' title='bbox 361 2710 513 2781; x_wconf 83' lang='lat' dir='ltr'><strong>certiora</strong></span> <span class='ocrx_word' id='word_1_178' title='bbox 539 2712 659 2783; x_wconf 87' lang='lat' dir='ltr'><strong>visuri.</strong></span> <span class='ocrx_word' id='word_1_179' title='bbox 699 2707 771 2782; x_wconf 87' lang='lat' dir='ltr'><strong>Nec</strong></span> <span class='ocrx_word' id='word_1_180' title='bbox 798 2709 982 2805; x_wconf 86' lang='lat' dir='ltr'><strong>quisquam</strong></span> <span class='ocrx_word' id='word_1_181' title='bbox 1008 2709 1142 2781; x_wconf 89' lang='lat' dir='ltr'><strong>lumina</strong></span> <span class='ocrx_word' id='word_1_182' title='bbox 1162 2707 1320 2782; x_wconf 85' lang='lat' dir='ltr'><strong>audebat</strong></span> <span class='ocrx_word' id='word_1_183' title='bbox 1347 2729 1524 2783; x_wconf 75' lang='lat' dir='ltr'><strong>accen-1⁰</strong></span> <span class='ocrx_word' id='word_1_184' title='bbox 1598 2777 1599 2788; x_wconf 70' lang='grc'>,</span> 
     </span>
    </p>
   </div>
   <div class='ocr_carea' id='block_1_4' title="bbox 164 2907 1480 4485">
    <p class='ocr_par' dir='ltr' id='par_1_6' title="bbox 164 2907 1480 4485">
     <span class='ocr_line' id='line_1_23' title="bbox 266 2907 1478 2980; baseline 0 -18"><span class='ocrx_word' id='word_1_185' title='bbox 266 2914 287 2974; x_wconf 70' lang='grc'><strong>5.</strong></span> <span class='ocrx_word' id='word_1_186' title='bbox 309 2915 349 2962; x_wconf 91' lang='lat'><strong>10.</strong></span> <span class='ocrx_word' id='word_1_187' title='bbox 409 2911 556 2962; x_wconf 82' lang='lat' dir='ltr'><strong>oconts&#39;ons</strong></span> <span class='ocrx_word' id='word_1_188' title='bbox 570 2912 691 2963; x_wconf 61' lang='lat' dir='ltr'><strong>donorum</strong></span> <span class='ocrx_word' id='word_1_189' title='bbox 730 2907 834 2962; x_wconf 86' lang='lat' dir='ltr'><strong>Omissa</strong></span> <span class='ocrx_word' id='word_1_190' title='bbox 867 2911 923 2962; x_wconf 80' lang='lat' dir='ltr'><strong>sine</strong></span> <span class='ocrx_word' id='word_1_191' title='bbox 948 2911 1041 2962; x_wconf 80' lang='lat' dir='ltr'><strong>herede</strong></span> <span class='ocrx_word' id='word_1_192' title='bbox 1067 2911 1142 2976; x_wconf 73' lang='lat' dir='ltr'><strong>repsi</strong></span> <span class='ocrx_word' id='word_1_193' title='bbox 1171 2907 1365 2980; x_wconf 73' lang='lat' dir='ltr'><strong>interpretandi</strong></span> <span class='ocrx_word' id='word_1_194' title='bbox 1394 2927 1478 2962; x_wconf 76' lang='lat' dir='ltr'><strong>causa</strong></span> 
     </span>
     <span class='ocr_line' id='line_1_24' title="bbox 164 2975 1480 3047; baseline 0 -17"><span class='ocrx_word' id='word_1_195' title='bbox 164 2995 168 3002; x_wconf 65' lang='grc'><em>’</em></span> <span class='ocrx_word' id='word_1_196' title='bbox 231 2975 329 3030; x_wconf 81' lang='lat' dir='ltr'><strong>lineola</strong></span> <span class='ocrx_word' id='word_1_197' title='bbox 345 2975 419 3032; x_wconf 86' lang='lat' dir='ltr'><strong>For.</strong></span> <span class='ocrx_word' id='word_1_198' title='bbox 434 2977 483 3032; x_wconf 84' lang='lat' dir='ltr'><strong>AB</strong></span> <span class='ocrx_word' id='word_1_199' title='bbox 502 2977 576 3032; x_wconf 86' lang='lat' dir='ltr'><strong>Leid.</strong></span> <span class='ocrx_word' id='word_1_200' title='bbox 594 2981 689 3031; x_wconf 82' lang='lat' dir='ltr'><strong>Vosst</strong></span> <span class='ocrx_word' id='word_1_201' title='bbox 711 2977 791 3030; x_wconf 91' lang='lat' dir='ltr'><strong>Bem.</strong></span> <span class='ocrx_word' id='word_1_202' title='bbox 807 2983 832 3030; x_wconf 84' lang='lat' dir='ltr'>A</span> <span class='ocrx_word' id='word_1_203' title='bbox 867 2976 910 3029; x_wconf 85' lang='lat' dir='ltr'><strong>vel</strong></span> <span class='ocrx_word' id='word_1_204' title='bbox 921 2983 1044 3047; x_wconf 74' lang='lat' dir='ltr'><strong>tunquam</strong></span> <span class='ocrx_word' id='word_1_205' title='bbox 1057 2976 1203 3030; x_wconf 74' lang='lat' dir='ltr'><strong>variantem</strong></span> <span class='ocrx_word' id='word_1_206' title='bbox 1218 2976 1355 3032; x_wconf 83' lang='lat' dir='ltr'><strong>lectionem</strong></span> <span class='ocrx_word' id='word_1_207' title='bbox 1372 2977 1480 3031; x_wconf 70' lang='lat' dir='ltr'><strong>adseri-</strong></span> 
     </span>
     <span class='ocr_line' id='line_1_25' title="bbox 175 3044 1480 3110; baseline 0 -12"><span class='ocrx_word' id='word_1_208' title='bbox 175 3091 178 3098; x_wconf 35' lang='lat' dir='ltr'><strong>r</strong></span> <span class='ocrx_word' id='word_1_209' title='bbox 232 3047 345 3099; x_wconf 78' lang='lat' dir='ltr'><strong>donatis.</strong></span> <span class='ocrx_word' id='word_1_210' title='bbox 379 3045 463 3099; x_wconf 82' lang='lat' dir='ltr'><strong>Iidem</strong></span> <span class='ocrx_word' id='word_1_211' title='bbox 477 3045 569 3100; x_wconf 82' lang='lat' dir='ltr'><strong>addita</strong></span> <span class='ocrx_word' id='word_1_212' title='bbox 586 3045 639 3110; x_wconf 77' lang='lat' dir='ltr'><strong>ills,</strong></span> <span class='ocrx_word' id='word_1_213' title='bbox 657 3045 700 3099; x_wconf 94' lang='lat' dir='ltr'><strong>ubi</strong></span> <span class='ocrx_word' id='word_1_214' title='bbox 715 3064 766 3099; x_wconf 92' lang='lat' dir='ltr'><strong>non</strong></span> <span class='ocrx_word' id='word_1_215' title='bbox 788 3046 834 3098; x_wconf 87' lang='lat' dir='ltr'><strong>de·</strong></span> <span class='ocrx_word' id='word_1_216' title='bbox 885 3053 941 3098; x_wconf 76' lang='lat' dir='ltr'><strong>teni</strong></span> <span class='ocrx_word' id='word_1_217' title='bbox 959 3060 1063 3110; x_wconf 85' lang='lat' dir='ltr'><strong>oenseo,</strong></span> <span class='ocrx_word' id='word_1_218' title='bbox 1081 3063 1142 3098; x_wconf 77' lang='lat' dir='ltr'><strong>nem</strong></span> <span class='ocrx_word' id='word_1_219' title='bbox 1159 3045 1187 3098; x_wconf 89' lang='lat' dir='ltr'><strong>in</strong></span> <span class='ocrx_word' id='word_1_220' title='bbox 1205 3044 1280 3098; x_wconf 87' lang='lat' dir='ltr'><strong>libris</strong></span> <span class='ocrx_word' id='word_1_221' title='bbox 1289 3045 1480 3099; x_wconf 63' lang='lat' dir='ltr'><strong>noturus</strong></span> 
     </span>
     <span class='ocr_line' id='line_1_26' title="bbox 231 3063 1479 3183; baseline 0.001 -18"><span class='ocrx_word' id='word_1_222' title='bbox 231 3115 325 3179; x_wconf 70' lang='lat' dir='ltr'><strong>bottas,</strong></span> <span class='ocrx_word' id='word_1_223' title='bbox 344 3114 422 3182; x_wconf 81' lang='lat' dir='ltr'><strong>paulo</strong></span> <span class='ocrx_word' id='word_1_224' title='bbox 440 3123 503 3183; x_wconf 85' lang='lat' dir='ltr'><strong>post</strong></span> <span class='ocrx_word' id='word_1_225' title='bbox 514 3116 695 3182; x_wconf 80' lang='lat' dir='ltr'><strong>poenitebunt,</strong></span> <span class='ocrx_word' id='word_1_226' title='bbox 718 3123 746 3167; x_wconf 89' lang='lat' dir='ltr'><strong>et</strong></span> <span class='ocrx_word' id='word_1_227' title='bbox 763 3113 832 3167; x_wconf 83' lang='lat' dir='ltr'><strong>Flos.</strong></span> <span class='ocrx_word' id='word_1_228' title='bbox 867 3063 966 3166; x_wconf 62' lang='lat' dir='ltr'><strong>bosso</strong></span> <span class='ocrx_word' id='word_1_229' title='bbox 987 3113 1097 3167; x_wconf 66' lang='lat' dir='ltr'><strong>Barna</strong></span> <span class='ocrx_word' id='word_1_230' title='bbox 1115 3121 1218 3166; x_wconf 75' lang='lat' dir='ltr'><strong>nrntato</strong></span> <span class='ocrx_word' id='word_1_231' title='bbox 1236 3113 1367 3167; x_wconf 75' lang='lat' dir='ltr'><strong>iocosius</strong></span> <span class='ocrx_word' id='word_1_232' title='bbox 1380 3116 1479 3167; x_wconf 59' lang='lat' dir='ltr'><strong>tereste</strong></span> 
     </span>
     <span class='ocr_line' id='line_1_27' title="bbox 230 3181 1478 3260; baseline 0.002 -27"><span class='ocrx_word' id='word_1_233' title='bbox 230 3181 306 3234; x_wconf 86' lang='lat' dir='ltr'><strong>EFH</strong></span> <span class='ocrx_word' id='word_1_234' title='bbox 325 3182 437 3235; x_wconf 70' lang='lat' dir='ltr'><strong>liernss</strong></span> <span class='ocrx_word' id='word_1_235' title='bbox 456 3185 553 3236; x_wconf 82' lang='lat' dir='ltr'><strong>dilutos</strong></span> <span class='ocrx_word' id='word_1_236' title='bbox 572 3200 627 3235; x_wconf 82' lang='lat' dir='ltr'><strong>esse</strong></span> <span class='ocrx_word' id='word_1_237' title='bbox 643 3199 692 3252; x_wconf 87' lang='lat' dir='ltr'><strong>pro</strong></span> <span class='ocrx_word' id='word_1_238' title='bbox 710 3199 742 3235; x_wconf 89' lang='lat' dir='ltr'><strong>eo</strong></span> <span class='ocrx_word' id='word_1_239' title='bbox 760 3183 832 3251; x_wconf 90' lang='lat' dir='ltr'><strong>quod</strong></span> <span class='ocrx_word' id='word_1_240' title='bbox 867 3183 941 3252; x_wconf 78' lang='lat' dir='ltr'><strong>repni</strong></span> <span class='ocrx_word' id='word_1_241' title='bbox 962 3185 1018 3234; x_wconf 73' lang='lat' dir='ltr'><strong>stne</strong></span> <span class='ocrx_word' id='word_1_242' title='bbox 1044 3191 1112 3234; x_wconf 76' lang='lat' dir='ltr'><strong>certo</strong></span> <span class='ocrx_word' id='word_1_243' title='bbox 1138 3183 1209 3260; x_wconf 77' lang='lat' dir='ltr'><strong>repis</strong></span> <span class='ocrx_word' id='word_1_244' title='bbox 1235 3183 1327 3234; x_wconf 79' lang='lat' dir='ltr'><strong>herede</strong></span> <span class='ocrx_word' id='word_1_245' title='bbox 1349 3183 1478 3252; x_wconf 80' lang='lat' dir='ltr'><strong>publicas</strong></span> 
     </span>
     <span class='ocr_line' id='line_1_28' title="bbox 183 3249 1477 3318; baseline 0.002 -17"><span class='ocrx_word' id='word_1_246' title='bbox 183 3271 187 3276; x_wconf 94' lang='lat'><em>·</em></span> <span class='ocrx_word' id='word_1_247' title='bbox 230 3259 273 3302; x_wconf 88' lang='lat' dir='ltr'><strong>est</strong></span> <span class='ocrx_word' id='word_1_248' title='bbox 289 3267 407 3318; x_wconf 75' lang='lat' dir='ltr'><strong>steposse.</strong></span> <span class='ocrx_word' id='word_1_249' title='bbox 865 3249 1007 3304; x_wconf 87' lang='lat' dir='ltr'><strong>invenitur.</strong></span> <span class='ocrx_word' id='word_1_250' title='bbox 1063 3249 1122 3302; x_wconf 86' lang='lat' dir='ltr'><strong>Nec</strong></span> <span class='ocrx_word' id='word_1_251' title='bbox 1149 3251 1255 3303; x_wconf 77' lang='lat' dir='ltr'><strong>ridetur</strong></span> <span class='ocrx_word' id='word_1_252' title='bbox 1285 3261 1370 3302; x_wconf 79' lang='lat' dir='ltr'><strong>certus</strong></span> <span class='ocrx_word' id='word_1_253' title='bbox 1396 3252 1477 3304; x_wconf 77' lang='lat' dir='ltr'><strong>lens</strong></span> 
     </span>
     <span class='ocr_line' id='line_1_29' title="bbox 266 3317 1119 3398; baseline -0.001 -27"><span class='ocrx_word' id='word_1_254' title='bbox 266 3318 330 3387; x_wconf 82' lang='lat' dir='ltr'><strong>Cnp.</strong></span> <span class='ocrx_word' id='word_1_255' title='bbox 351 3325 391 3382; x_wconf 78' lang='lat'><strong>1⁰,</strong></span> <span class='ocrx_word' id='word_1_256' title='bbox 411 3321 434 3385; x_wconf 60' lang='grc' dir='ltr'><strong>ᾖ.</strong></span> <span class='ocrx_word' id='word_1_257' title='bbox 454 3325 493 3371; x_wconf 77' lang='lat'><strong>12.</strong></span> <span class='ocrx_word' id='word_1_258' title='bbox 520 3321 548 3370; x_wconf 79' lang='grc' dir='ltr'><strong>ιἰι</strong></span> <span class='ocrx_word' id='word_1_259' title='bbox 565 3320 658 3372; x_wconf 82' lang='lat' dir='ltr'><strong>mediis</strong></span> <span class='ocrx_word' id='word_1_260' title='bbox 675 3319 832 3371; x_wconf 79' lang='lat' dir='ltr'><strong>hostibus-</strong></span> <span class='ocrx_word' id='word_1_261' title='bbox 867 3317 1001 3371; x_wconf 71' lang='lat' dir='ltr'><strong>librarium</strong></span> <span class='ocrx_word' id='word_1_262' title='bbox 1019 3334 1119 3398; x_wconf 79' lang='lat' dir='ltr'><strong>sapere.</strong></span> 
     </span>
     <span class='ocr_line' id='line_1_30' title="bbox 230 3386 1477 3458; baseline 0.002 -20"><span class='ocrx_word' id='word_1_263' title='bbox 230 3389 377 3453; x_wconf 72' lang='lat' dir='ltr'><strong>destitutos]</strong></span> <span class='ocrx_word' id='word_1_264' title='bbox 413 3386 513 3439; x_wconf 83' lang='lat' dir='ltr'><strong>Addidi</strong></span> <span class='ocrx_word' id='word_1_265' title='bbox 539 3387 572 3438; x_wconf 88' lang='lat' dir='ltr'><strong>da</strong></span> <span class='ocrx_word' id='word_1_266' title='bbox 589 3392 740 3440; x_wconf 81' lang='lat' dir='ltr'><strong>coniectura</strong></span> <span class='ocrx_word' id='word_1_267' title='bbox 757 3402 846 3456; x_wconf 81' lang='lat' dir='ltr'><strong>proe-·</strong></span> <span class='ocrx_word' id='word_1_268' title='bbox 901 3389 924 3453; x_wconf 85' lang='lat'><strong>§.</strong></span> <span class='ocrx_word' id='word_1_269' title='bbox 944 3393 983 3438; x_wconf 80' lang='lat'><strong>15.</strong></span> <span class='ocrx_word' id='word_1_270' title='bbox 1019 3389 1089 3439; x_wconf 75' lang='lat' dir='ltr'><strong>altus</strong></span> <span class='ocrx_word' id='word_1_271' title='bbox 1106 3404 1120 3439; x_wconf 82' lang='lat' dir='ltr'><strong>s</strong></span> <span class='ocrx_word' id='word_1_272' title='bbox 1138 3388 1236 3452; x_wconf 76' lang='lat' dir='ltr'><strong>aruris,</strong></span> <span class='ocrx_word' id='word_1_273' title='bbox 1260 3388 1330 3440; x_wconf 83' lang='lat' dir='ltr'><strong>alius</strong></span> <span class='ocrx_word' id='word_1_274' title='bbox 1347 3388 1477 3458; x_wconf 71' lang='grc' dir='ltr'>ωἰιιιίσιε]</span> 
     </span>
     <span class='ocr_line' id='line_1_31' title="bbox 267 3453 1478 3525; baseline 0.003 -19"><span class='ocrx_word' id='word_1_275' title='bbox 267 3453 389 3506; x_wconf 81' lang='lat' dir='ltr'><strong>sitionenr</strong></span> <span class='ocrx_word' id='word_1_276' title='bbox 407 3454 530 3523; x_wconf 66' lang='lat' dir='ltr'><strong>proximis</strong></span> <span class='ocrx_word' id='word_1_277' title='bbox 547 3455 635 3508; x_wconf 80' lang='lat' dir='ltr'><strong>littera</strong></span> <span class='ocrx_word' id='word_1_278' title='bbox 650 3455 762 3507; x_wconf 91' lang='lat' dir='ltr'><strong>inoodd.</strong></span> <span class='ocrx_word' id='word_1_279' title='bbox 773 3473 832 3508; x_wconf 89' lang='lat' dir='ltr'><strong>mss.</strong></span> <span class='ocrx_word' id='word_1_280' title='bbox 866 3453 956 3506; x_wconf 88' lang='lat' dir='ltr'><strong>Iunius</strong></span> <span class='ocrx_word' id='word_1_281' title='bbox 977 3471 1089 3524; x_wconf 85' lang='lat' dir='ltr'><strong>eumque</strong></span> <span class='ocrx_word' id='word_1_282' title='bbox 1111 3455 1261 3525; x_wconf 79' lang='lat' dir='ltr'><strong>exprimens</strong></span> <span class='ocrx_word' id='word_1_283' title='bbox 1279 3453 1384 3508; x_wconf 88' lang='lat' dir='ltr'><strong>Modius</strong></span> <span class='ocrx_word' id='word_1_284' title='bbox 1401 3457 1478 3510; x_wconf 78' lang='lat' dir='ltr'><strong>attus</strong></span> 
     </span>
     <span class='ocr_line' id='line_1_32' title="bbox 248 3521 1478 3593; baseline 0.003 -19"><span class='ocrx_word' id='word_1_285' title='bbox 248 3531 351 3575; x_wconf 66' lang='lat' dir='ltr'><strong>ausum</strong></span> <span class='ocrx_word' id='word_1_286' title='bbox 370 3523 435 3588; x_wconf 86' lang='lat' dir='ltr'><strong>(vid.</strong></span> <span class='ocrx_word' id='word_1_287' title='bbox 445 3523 503 3575; x_wconf 91' lang='lat' dir='ltr'><strong>Ind.</strong></span> <span class='ocrx_word' id='word_1_288' title='bbox 514 3541 534 3576; x_wconf 88' lang='lat' dir='ltr'><strong>s.</strong></span> <span class='ocrx_word' id='word_1_289' title='bbox 544 3541 569 3575; x_wconf 89' lang='lat' dir='ltr'><strong>v.</strong></span> <span class='ocrx_word' id='word_1_290' title='bbox 586 3525 683 3588; x_wconf 74' lang='lat' dir='ltr'><strong>litter),</strong></span> <span class='ocrx_word' id='word_1_291' title='bbox 702 3523 763 3593; x_wconf 85' lang='lat' dir='ltr'><strong>quia</strong></span> <span class='ocrx_word' id='word_1_292' title='bbox 776 3522 832 3574; x_wconf 86' lang='lat' dir='ltr'><strong>sina</strong></span> <span class='ocrx_word' id='word_1_293' title='bbox 866 3525 1005 3576; x_wconf 74' lang='lat' dir='ltr'><strong>smlms&#39;as</strong></span> <span class='ocrx_word' id='word_1_294' title='bbox 1023 3521 1198 3592; x_wconf 83' lang='lat' dir='ltr'><strong>seripserunt,</strong></span> <span class='ocrx_word' id='word_1_295' title='bbox 1222 3540 1288 3593; x_wconf 87' lang='lat' dir='ltr'><strong>quos</strong></span> <span class='ocrx_word' id='word_1_296' title='bbox 1310 3533 1339 3576; x_wconf 83' lang='lat' dir='ltr'><strong>et</strong></span> <span class='ocrx_word' id='word_1_297' title='bbox 1354 3523 1412 3592; x_wconf 86' lang='lat' dir='ltr'><strong>ipse</strong></span> <span class='ocrx_word' id='word_1_298' title='bbox 1432 3541 1478 3578; x_wconf 84' lang='lat' dir='ltr'><strong>se-</strong></span> 
     </span>
     <span class='ocr_line' id='line_1_33' title="bbox 229 3590 1478 3662; baseline 0.003 -20"><span class='ocrx_word' id='word_1_299' title='bbox 229 3608 262 3642; x_wconf 84' lang='lat' dir='ltr'><strong>en</strong></span> <span class='ocrx_word' id='word_1_300' title='bbox 287 3591 445 3643; x_wconf 80' lang='lat' dir='ltr'><strong>sententiam</strong></span> <span class='ocrx_word' id='word_1_301' title='bbox 467 3609 521 3644; x_wconf 91' lang='lat' dir='ltr'><strong>non</strong></span> <span class='ocrx_word' id='word_1_302' title='bbox 548 3591 649 3644; x_wconf 81' lang='lat' dir='ltr'><strong>absolvi</strong></span> <span class='ocrx_word' id='word_1_303' title='bbox 675 3591 830 3656; x_wconf 71' lang='lat' dir='ltr'><strong>arbitrabar,</strong></span> <span class='ocrx_word' id='word_1_304' title='bbox 866 3599 942 3644; x_wconf 83' lang='lat' dir='ltr'><strong>entus</strong></span> <span class='ocrx_word' id='word_1_305' title='bbox 959 3609 1017 3644; x_wconf 89' lang='lat' dir='ltr'><strong>sum</strong></span> <span class='ocrx_word' id='word_1_306' title='bbox 1034 3591 1122 3660; x_wconf 85' lang='lat' dir='ltr'><strong>priore</strong></span> <span class='ocrx_word' id='word_1_307' title='bbox 1139 3591 1264 3646; x_wconf 87' lang='lat' dir='ltr'><strong>editione.</strong></span> <span class='ocrx_word' id='word_1_308' title='bbox 1294 3590 1374 3662; x_wconf 76' lang='lat' dir='ltr'><strong>Nune</strong></span> <span class='ocrx_word' id='word_1_309' title='bbox 1391 3590 1478 3646; x_wconf 88' lang='lat' dir='ltr'><strong>libro-</strong></span> 
     </span>
     <span class='ocr_line' id='line_1_34' title="bbox 230 3658 1478 3730; baseline 0.001 -18"><span class='ocrx_word' id='word_1_310' title='bbox 230 3669 262 3712; x_wconf 88' lang='lat' dir='ltr'><strong>ut</strong></span> <span class='ocrx_word' id='word_1_311' title='bbox 279 3658 490 3728; x_wconf 79' lang='lat' dir='ltr'><strong>significarentur</strong></span> <span class='ocrx_word' id='word_1_312' title='bbox 506 3659 625 3713; x_wconf 85' lang='lat' dir='ltr'><strong>derelicti</strong></span> <span class='ocrx_word' id='word_1_313' title='bbox 643 3659 670 3712; x_wconf 91' lang='lat' dir='ltr'><strong>in</strong></span> <span class='ocrx_word' id='word_1_314' title='bbox 683 3659 767 3712; x_wconf 84' lang='lat' dir='ltr'><strong>modio</strong></span> <span class='ocrx_word' id='word_1_315' title='bbox 784 3659 832 3712; x_wconf 90' lang='lat' dir='ltr'><strong>ho·</strong></span> <span class='ocrx_word' id='word_1_316' title='bbox 866 3675 924 3712; x_wconf 86' lang='lat' dir='ltr'><strong>rum</strong></span> <span class='ocrx_word' id='word_1_317' title='bbox 949 3676 1010 3712; x_wconf 80' lang='lat' dir='ltr'><strong>mss.</strong></span> <span class='ocrx_word' id='word_1_318' title='bbox 1037 3659 1195 3730; x_wconf 65' lang='lat' dir='ltr'><strong>scripturum</strong></span> <span class='ocrx_word' id='word_1_319' title='bbox 1222 3660 1350 3724; x_wconf 78' lang='lat' dir='ltr'><strong>defendo,</strong></span> <span class='ocrx_word' id='word_1_320' title='bbox 1376 3677 1394 3711; x_wconf 81' lang='grc' dir='ltr'>ι</span> <span class='ocrx_word' id='word_1_321' title='bbox 1416 3677 1478 3730; x_wconf 72' lang='lat' dir='ltr'><strong>qus</strong></span> 
     </span>
     <span class='ocr_line' id='line_1_35' title="bbox 229 3726 1476 3798; baseline 0.002 -18"><span class='ocrx_word' id='word_1_322' title='bbox 229 3728 317 3780; x_wconf 88' lang='lat' dir='ltr'><strong>stium.</strong></span> <span class='ocrx_word' id='word_1_323' title='bbox 352 3727 390 3781; x_wconf 87' lang='lat' dir='ltr'><strong>Su</strong></span> <span class='ocrx_word' id='word_1_324' title='bbox 411 3745 439 3780; x_wconf 83' lang='lat' dir='ltr'><strong>rs</strong></span> <span class='ocrx_word' id='word_1_325' title='bbox 457 3741 526 3794; x_wconf 81' lang='lat' dir='ltr'><strong>vm,</strong></span> <span class='ocrx_word' id='word_1_326' title='bbox 551 3735 599 3794; x_wconf 80' lang='lat' dir='ltr'><strong>lt,</strong></span> <span class='ocrx_word' id='word_1_327' title='bbox 625 3733 656 3782; x_wconf 70' lang='lat'><strong>2²</strong></span> <span class='ocrx_word' id='word_1_328' title='bbox 676 3727 739 3780; x_wconf 87' lang='lat' dir='ltr'><strong>item</strong></span> <span class='ocrx_word' id='word_1_329' title='bbox 757 3743 832 3798; x_wconf 70' lang='lat' dir='ltr'><strong>prse-</strong></span> <span class='ocrx_word' id='word_1_330' title='bbox 866 3744 919 3779; x_wconf 87' lang='lat' dir='ltr'><strong>non</strong></span> <span class='ocrx_word' id='word_1_331' title='bbox 935 3726 1075 3780; x_wconf 83' lang='lat' dir='ltr'><strong>discedunt</strong></span> <span class='ocrx_word' id='word_1_332' title='bbox 1087 3726 1278 3794; x_wconf 83' lang='lat' dir='ltr'><strong>nisiFlor.Dl‚</strong></span> <span class='ocrx_word' id='word_1_333' title='bbox 1315 3727 1476 3782; x_wconf 75' lang='lat' dir='ltr'><strong>uodetiam</strong></span> 
     </span>
     <span class='ocr_line' id='line_1_36' title="bbox 229 3794 1478 3867; baseline 0.002 -18"><span class='ocrx_word' id='word_1_334' title='bbox 229 3794 329 3867; x_wconf 77' lang='lat' dir='ltr'><strong>positio</strong></span> <span class='ocrx_word' id='word_1_335' title='bbox 347 3797 382 3848; x_wconf 79' lang='lat' dir='ltr'><strong>sd</strong></span> <span class='ocrx_word' id='word_1_336' title='bbox 399 3796 468 3848; x_wconf 79' lang='lat' dir='ltr'><strong>ends</strong></span> <span class='ocrx_word' id='word_1_337' title='bbox 490 3795 553 3861; x_wconf 83' lang='lat' dir='ltr'><strong>tuis,</strong></span> <span class='ocrx_word' id='word_1_338' title='bbox 579 3813 639 3850; x_wconf 84' lang='lat' dir='ltr'><strong>oum</strong></span> <span class='ocrx_word' id='word_1_339' title='bbox 660 3795 739 3866; x_wconf 83' lang='lat' dir='ltr'><strong>vulgo</strong></span> <span class='ocrx_word' id='word_1_340' title='bbox 763 3803 832 3848; x_wconf 75' lang='lat' dir='ltr'><strong>esset</strong></span> <span class='ocrx_word' id='word_1_341' title='bbox 865 3797 947 3848; x_wconf 81' lang='lat' dir='ltr'><strong>muris</strong></span> <span class='ocrx_word' id='word_1_342' title='bbox 965 3795 1021 3848; x_wconf 86' lang='lat' dir='ltr'><strong>sine</strong></span> <span class='ocrx_word' id='word_1_343' title='bbox 1029 3795 1229 3866; x_wconf 75' lang='lat' dir='ltr'><strong>praepositione</strong></span> <span class='ocrx_word' id='word_1_344' title='bbox 1238 3796 1299 3848; x_wconf 83' lang='lat' dir='ltr'><strong>exhi</strong></span> <span class='ocrx_word' id='word_1_345' title='bbox 1354 3804 1373 3848; x_wconf 79' lang='lat' dir='ltr'><strong>t</strong></span> <span class='ocrx_word' id='word_1_346' title='bbox 1400 3795 1478 3851; x_wconf 74' lang='lat' dir='ltr'><strong>Nem</strong></span> 
     </span>
     <span class='ocr_line' id='line_1_37' title="bbox 229 3863 1477 3945; baseline 0.002 -29"><span class='ocrx_word' id='word_1_347' title='bbox 229 3883 277 3916; x_wconf 77' lang='lat' dir='ltr'><strong>res</strong></span> <span class='ocrx_word' id='word_1_348' title='bbox 285 3865 370 3944; x_wconf 73' lang='lat' dir='ltr'><strong>medio</strong></span> <span class='ocrx_word' id='word_1_349' title='bbox 384 3866 534 3932; x_wconf 64' lang='lat' dir='ltr'><strong>cupiditatis</strong></span> <span class='ocrx_word' id='word_1_350' title='bbox 548 3867 643 3918; x_wconf 80' lang='lat' dir='ltr'><strong>ardore</strong></span> <span class='ocrx_word' id='word_1_351' title='bbox 657 3865 731 3917; x_wconf 82' lang='lat' dir='ltr'><strong>iussit</strong></span> <span class='ocrx_word' id='word_1_352' title='bbox 739 3865 832 3934; x_wconf 83' lang='lat' dir='ltr'><strong>offerri</strong></span> <span class='ocrx_word' id='word_1_353' title='bbox 865 3864 936 3932; x_wconf 92' lang='lat' dir='ltr'><strong>quod</strong></span> <span class='ocrx_word' id='word_1_354' title='bbox 953 3863 1037 3916; x_wconf 83' lang='lat' dir='ltr'><strong>trudit</strong></span> <span class='ocrx_word' id='word_1_355' title='bbox 1054 3863 1136 3916; x_wconf 80' lang='lat' dir='ltr'><strong>Snak.</strong></span> <span class='ocrx_word' id='word_1_356' title='bbox 1158 3863 1204 3918; x_wconf 93' lang='lat' dir='ltr'><strong>illo</strong></span> <span class='ocrx_word' id='word_1_357' title='bbox 1222 3864 1315 3945; x_wconf 71' lang='lat' dir='ltr'><strong>loepp</strong></span> <span class='ocrx_word' id='word_1_358' title='bbox 1348 3933 1354 3945; x_wconf 35' lang='grc' dir='ltr'>ι</span> <span class='ocrx_word' id='word_1_359' title='bbox 1409 3864 1477 3920; x_wconf 82' lang='lat' dir='ltr'><strong>&#39;tio-</strong></span> 
     </span>
     <span class='ocr_line' id='line_1_38' title="bbox 225 3932 1477 4080; baseline 0.001 -26"><span class='ocrx_word' id='word_1_360' title='bbox 225 3943 322 4054; x_wconf 55' lang='lat' dir='ltr'><strong>paiiitb</strong></span> <span class='ocrx_word' id='word_1_361' title='bbox 334 3949 408 4053; x_wconf 58' lang='lat' dir='ltr'><strong>&#39;delli</strong></span> <span class='ocrx_word' id='word_1_362' title='bbox 417 3949 516 4068; x_wconf 55' lang='lat' dir='ltr'><strong>&#39;iiddom</strong></span> <span class='ocrx_word' id='word_1_363' title='bbox 517 3973 612 4054; x_wconf 79' lang='lat' dir='ltr'><strong>herede</strong></span> <span class='ocrx_word' id='word_1_364' title='bbox 679 4002 745 4054; x_wconf 82' lang='lat' dir='ltr'><strong>licus</strong></span> <span class='ocrx_word' id='word_1_365' title='bbox 763 4002 830 4079; x_wconf 66' lang='lat' dir='ltr'><strong>vires</strong></span> <span class='ocrx_word' id='word_1_366' title='bbox 866 3932 1145 4080; x_wconf 32' lang='lat' dir='ltr'><strong>lessshlil&#39;hlflllldd</strong></span> <span class='ocrx_word' id='word_1_367' title='bbox 1158 3932 1477 4072; x_wconf 46' lang='lat' dir='ltr'><strong>i’isilillnbbrlp‘dltdovftis}</strong></span> 
     </span>
     <span class='ocr_line' id='line_1_39' title="bbox 229 4067 1476 4140; baseline 0.002 -18"><span class='ocrx_word' id='word_1_368' title='bbox 229 4073 268 4123; x_wconf 82' lang='lat' dir='ltr'><strong>od</strong></span> <span class='ocrx_word' id='word_1_369' title='bbox 284 4086 312 4122; x_wconf 82' lang='lat' dir='ltr'><strong>ss</strong></span> <span class='ocrx_word' id='word_1_370' title='bbox 338 4085 461 4139; x_wconf 75' lang='lat' dir='ltr'><strong>quemque</strong></span> <span class='ocrx_word' id='word_1_371' title='bbox 477 4078 620 4122; x_wconf 79' lang='lat' dir='ltr'><strong>tracturum</strong></span> <span class='ocrx_word' id='word_1_372' title='bbox 668 4069 755 4138; x_wconf 79' lang='lat' dir='ltr'><strong>Vulgo</strong></span> <span class='ocrx_word' id='word_1_373' title='bbox 777 4069 831 4121; x_wconf 86' lang='lat' dir='ltr'><strong>edr-</strong></span> <span class='ocrx_word' id='word_1_374' title='bbox 867 4067 1013 4122; x_wconf 82' lang='lat' dir='ltr'><strong>Florenum</strong></span> <span class='ocrx_word' id='word_1_375' title='bbox 1028 4067 1051 4121; x_wconf 83' lang='lat' dir='ltr'>F</span> <span class='ocrx_word' id='word_1_376' title='bbox 1069 4079 1167 4122; x_wconf 77' lang='lat' dir='ltr'><strong>comite</strong></span> <span class='ocrx_word' id='word_1_377' title='bbox 1184 4085 1275 4122; x_wconf 84' lang='lat' dir='ltr'><strong>verum</strong></span> <span class='ocrx_word' id='word_1_378' title='bbox 1292 4085 1350 4123; x_wconf 87' lang='lat' dir='ltr'><strong>esse</strong></span> <span class='ocrx_word' id='word_1_379' title='bbox 1367 4078 1476 4140; x_wconf 78' lang='lat' dir='ltr'><strong>potest,</strong></span> 
     </span>
     <span class='ocr_line' id='line_1_40' title="bbox 229 4136 1476 4208; baseline 0.002 -17"><span class='ocrx_word' id='word_1_380' title='bbox 229 4139 349 4191; x_wconf 78' lang='lat' dir='ltr'><strong>tursius</strong></span> <span class='ocrx_word' id='word_1_381' title='bbox 367 4147 436 4190; x_wconf 82' lang='lat' dir='ltr'><strong>certo</strong></span> <span class='ocrx_word' id='word_1_382' title='bbox 453 4139 523 4206; x_wconf 73' lang='lat' dir='ltr'><strong>repis</strong></span> <span class='ocrx_word' id='word_1_383' title='bbox 541 4140 645 4204; x_wconf 81' lang='lat' dir='ltr'><strong>herede,</strong></span> <span class='ocrx_word' id='word_1_384' title='bbox 667 4139 724 4190; x_wconf 83' lang='lat' dir='ltr'><strong>sins</strong></span> <span class='ocrx_word' id='word_1_385' title='bbox 740 4139 831 4190; x_wconf 80' lang='lat' dir='ltr'><strong>herede</strong></span> <span class='ocrx_word' id='word_1_386' title='bbox 865 4137 899 4189; x_wconf 92' lang='lat' dir='ltr'><strong>de</strong></span> <span class='ocrx_word' id='word_1_387' title='bbox 924 4136 1112 4208; x_wconf 77' lang='lat' dir='ltr'><strong>integrioribus</strong></span> <span class='ocrx_word' id='word_1_388' title='bbox 1139 4136 1191 4190; x_wconf 82' lang='lat' dir='ltr'><strong>iltis</strong></span> <span class='ocrx_word' id='word_1_389' title='bbox 1213 4153 1305 4190; x_wconf 81' lang='lat' dir='ltr'><strong>verum</strong></span> <span class='ocrx_word' id='word_1_390' title='bbox 1332 4153 1390 4190; x_wconf 83' lang='lat' dir='ltr'><strong>esso</strong></span> <span class='ocrx_word' id='word_1_391' title='bbox 1416 4157 1476 4194; x_wconf 88' lang='lat' dir='ltr'><strong>non</strong></span> 
     </span>
     <span class='ocr_line' id='line_1_41' title="bbox 229 4203 1476 4276; baseline 0.002 -18"><span class='ocrx_word' id='word_1_392' title='bbox 229 4207 306 4276; x_wconf 75' lang='lat' dir='ltr'><strong>requi</strong></span> <span class='ocrx_word' id='word_1_393' title='bbox 319 4206 438 4274; x_wconf 74' lang='lat' dir='ltr'><strong>prrblirus</strong></span> <span class='ocrx_word' id='word_1_394' title='bbox 455 4210 523 4259; x_wconf 81' lang='lat' dir='ltr'><strong>vires</strong></span> <span class='ocrx_word' id='word_1_395' title='bbox 541 4208 622 4258; x_wconf 82' lang='lat' dir='ltr'><strong>adse</strong></span> <span class='ocrx_word' id='word_1_396' title='bbox 639 4223 759 4274; x_wconf 66' lang='lat' dir='ltr'><strong>mque</strong></span> <span class='ocrx_word' id='word_1_397' title='bbox 776 4215 831 4258; x_wconf 85' lang='lat' dir='ltr'><strong>tro·</strong></span> <span class='ocrx_word' id='word_1_398' title='bbox 865 4203 985 4272; x_wconf 85' lang='lat' dir='ltr'><strong>videtur,</strong></span> <span class='ocrx_word' id='word_1_399' title='bbox 1013 4204 1075 4276; x_wconf 80' lang='lat' dir='ltr'><strong>quia</strong></span> <span class='ocrx_word' id='word_1_400' title='bbox 1100 4203 1166 4258; x_wconf 92' lang='lat' dir='ltr'><strong>nihil</strong></span> <span class='ocrx_word' id='word_1_401' title='bbox 1193 4205 1319 4259; x_wconf 89' lang='lat' dir='ltr'><strong>eiusmodi</strong></span> <span class='ocrx_word' id='word_1_402' title='bbox 1344 4221 1379 4258; x_wconf 86' lang='lat' dir='ltr'><strong>ex</strong></span> <span class='ocrx_word' id='word_1_403' title='bbox 1404 4209 1476 4261; x_wconf 86' lang='lat' dir='ltr'><strong>meis</strong></span> 
     </span>
     <span class='ocr_line' id='line_1_42' title="bbox 230 4269 1475 4344; baseline 0.002 -16"><span class='ocrx_word' id='word_1_404' title='bbox 230 4287 342 4335; x_wconf 76' lang='lat' dir='ltr'><strong>storum,</strong></span> <span class='ocrx_word' id='word_1_405' title='bbox 370 4274 442 4342; x_wconf 89' lang='lat' dir='ltr'><strong>quod</strong></span> <span class='ocrx_word' id='word_1_406' title='bbox 465 4273 594 4328; x_wconf 79' lang='lat' dir='ltr'><strong>aCurtio</strong></span> <span class='ocrx_word' id='word_1_407' title='bbox 610 4275 755 4344; x_wconf 78' lang='lat' dir='ltr'><strong>profectum</strong></span> <span class='ocrx_word' id='word_1_408' title='bbox 773 4291 829 4326; x_wconf 84' lang='lat' dir='ltr'><strong>esse</strong></span> <span class='ocrx_word' id='word_1_409' title='bbox 866 4273 935 4327; x_wconf 83' lang='lat' dir='ltr'><strong>Flor.</strong></span> <span class='ocrx_word' id='word_1_410' title='bbox 960 4291 1011 4327; x_wconf 88' lang='lat' dir='ltr'><strong>neo</strong></span> <span class='ocrx_word' id='word_1_411' title='bbox 1036 4289 1070 4326; x_wconf 80' lang='lat' dir='ltr'><strong>ex</strong></span> <span class='ocrx_word' id='word_1_412' title='bbox 1096 4273 1177 4327; x_wconf 88' lang='lat' dir='ltr'><strong>Bern.</strong></span> <span class='ocrx_word' id='word_1_413' title='bbox 1204 4278 1229 4328; x_wconf 84' lang='grc' dir='ltr'><strong>Α</strong></span> <span class='ocrx_word' id='word_1_414' title='bbox 1255 4269 1393 4328; x_wconf 76' lang='lat' dir='ltr'><strong>enotshrm</strong></span> <span class='ocrx_word' id='word_1_415' title='bbox 1420 4287 1475 4330; x_wconf 68' lang='lat' dir='ltr'><strong>est</strong></span> 
     </span>
     <span class='ocr_line' id='line_1_43' title="bbox 231 4341 1474 4412; baseline 0.003 -17"><span class='ocrx_word' id='word_1_416' title='bbox 231 4360 308 4395; x_wconf 89' lang='lat' dir='ltr'><strong>nemo</strong></span> <span class='ocrx_word' id='word_1_417' title='bbox 324 4341 374 4393; x_wconf 90' lang='lat' dir='ltr'><strong>sibi</strong></span> <span class='ocrx_word' id='word_1_418' title='bbox 383 4341 550 4410; x_wconf 73' lang='lat' dir='ltr'><strong>persuaserit</strong></span> <span class='ocrx_word' id='word_1_419' title='bbox 572 4342 701 4411; x_wconf 82' lang='lat' dir='ltr'><strong>Equidem</strong></span> <span class='ocrx_word' id='word_1_420' title='bbox 709 4341 829 4408; x_wconf 84' lang='lat' dir='ltr'><strong>alterum,</strong></span> <span class='ocrx_word' id='word_1_421' title='bbox 866 4342 906 4394; x_wconf 88' lang='lat' dir='ltr'><strong>De</strong></span> <span class='ocrx_word' id='word_1_422' title='bbox 932 4341 1026 4394; x_wconf 78' lang='lat' dir='ltr'><strong>omissa</strong></span> <span class='ocrx_word' id='word_1_423' title='bbox 1042 4358 1164 4412; x_wconf 83' lang='lat' dir='ltr'><strong>praepos.</strong></span> <span class='ocrx_word' id='word_1_424' title='bbox 1191 4342 1219 4396; x_wconf 92' lang='lat' dir='ltr'><strong>in</strong></span> <span class='ocrx_word' id='word_1_425' title='bbox 1239 4342 1323 4396; x_wconf 75' lang='lat' dir='ltr'><strong>altero</strong></span> <span class='ocrx_word' id='word_1_426' title='bbox 1349 4345 1474 4399; x_wconf 87' lang='lat' dir='ltr'><strong>membro</strong></span> 
     </span>
     <span class='ocr_line' id='line_1_44' title="bbox 231 4407 1081 4485; baseline 0 -23"><span class='ocrx_word' id='word_1_427' title='bbox 231 4411 301 4485; x_wconf 88' lang='lat' dir='ltr'><strong>quod</strong></span> <span class='ocrx_word' id='word_1_428' title='bbox 319 4408 346 4460; x_wconf 91' lang='lat' dir='ltr'><strong>in</strong></span> <span class='ocrx_word' id='word_1_429' title='bbox 364 4409 469 4478; x_wconf 85' lang='lat' dir='ltr'><strong>optimis</strong></span> <span class='ocrx_word' id='word_1_430' title='bbox 487 4408 633 4484; x_wconf 85' lang='lat' dir='ltr'><strong>posteriore</strong></span> <span class='ocrx_word' id='word_1_431' title='bbox 649 4409 707 4461; x_wconf 91' lang='lat' dir='ltr'><strong>looo</strong></span> <span class='ocrx_word' id='word_1_432' title='bbox 724 4407 829 4478; x_wconf 84' lang='lat' dir='ltr'><strong>legitur,</strong></span> <span class='ocrx_word' id='word_1_433' title='bbox 864 4411 897 4462; x_wconf 82' lang='lat' dir='ltr'><strong>cs.</strong></span> <span class='ocrx_word' id='word_1_434' title='bbox 914 4410 948 4461; x_wconf 79' lang='lat' dir='ltr'><strong>ud</strong></span> <span class='ocrx_word' id='word_1_435' title='bbox 965 4425 994 4470; x_wconf 83' lang='lat' dir='ltr'><strong>v.</strong></span> <span class='ocrx_word' id='word_1_436' title='bbox 1014 4416 1038 4478; x_wconf 87' lang='lat'><strong>1,</strong></span> <span class='ocrx_word' id='word_1_437' title='bbox 1058 4415 1081 4462; x_wconf 88' lang='lat' dir='ltr'><strong>l.</strong></span> 
     </span>
    </p>
   </div>
   <div class='ocr_carea' id='block_1_5' title="bbox 0 0 1654 5044">
    <p class='ocr_par' dir='ltr' id='par_1_7' title="bbox 0 0 1654 5044">
     <span class='ocr_line' id='line_1_45' title="bbox 0 0 1654 5044; baseline 0 3"><span class='ocrx_word' id='word_1_438' title='bbox 0 0 1654 5044; x_wconf 95' lang='lat' dir='ltr'><strong> </strong></span> 
     </span>
    </p>
   </div>
  </div>
 </body>
</html>
