3350 5042
191 221 266 294 280
680 236 714 300 o.
733 233 856 288 cunm
880 233 965 286 sum

191 417 334 494 sceleris
368 417 535 516 impellat
603 419 704 520 Ipsos
738 421 909 494 missuros
941 418 989 492 ad
1024 417 1224 508 oraculum,
1259 443 1333 492 non
1370 417 1471 515 quit

190 531 314 604 Iovem
340 529 572 630 interrogent,
599 531 695 632 quod
721 559 766 606 ex
792 556 877 628 rego
903 529 1148 626 cognoverint,
1174 527 1239 600 sed
1265 530 1326 624 qui
1353 554 1434 626 gra-

193 642 260 715 tias
294 651 419 740 agant,
452 645 513 741 qui
546 655 633 718 vota
658 669 722 742 pro
758 639 999 714 incolumitate
1025 637 1120 738 rogis
1146 637 1271 735 optimi
1298 642 1435 736 persol-

191 763 289 826 vant
330 751 422 828 Tum
451 779 536 829 vero
563 756 729 829 universa
754 751 872 823 contio
899 775 1049 826 accensa
1075 758 1245 840 estete
1270 750 1475 846 corporiss

194 864 404 939 custodibus
432 865 571 938 initium
596 867 743 949 lactum,
770 861 1022 952 clamantibus,
1050 859 1326 958 discerpendum
1353 883 1436 932 esse

194 975 407 1075 panicidam
442 973 606 1046 manibus
637 995 770 1046 eorum.
823 970 865 1043 ld
891 971 1034 1069 quidem
1060 974 1240 1062 Philotas,
1267 973 1329 1070 qui
1355 995 1438 1069 gre·

192 1089 295 1160 viora
321 1083 494 1183 supplicia
520 1085 705 1172 metueret
721 1079 818 1155 haud
844 1105 930 1156 sane
956 1082 1078 1179 iniquo
1104 1083 1223 1154 animo
1251 1081 1434 1155 audiebat.

142 1203 189 1271 42
296 1195 376 1269 Rex
408 1195 446 1266 in
478 1194 680 1268 contionem
714 1217 894 1285 reversus,
925 1193 1002 1268 sive
1029 1205 1071 1267 ut
1095 1193 1133 1266 in
1159 1191 1323 1264 custodia
1348 1211 1474 1288 quo-s

194 1333 264 1407 que
291 1315 485 1406 torqueret,
512 1307 589 1381 sive
614 1317 657 1380 ut
682 1305 883 1404 diligentius
909 1315 1039 1380 cuncta
1065 1313 1315 1404 cognosceret,
1351 1327 1437 1374 con·

194 1419 313 1493 cilium
345 1418 382 1491 in
413 1429 599 1517 posterum
634 1417 727 1492 diem
753 1417 904 1492 distulit:
939 1429 978 1491 et
1003 1439 1220 1516 quamquam
1245 1415 1282 1486 in
1309 1437 1438 1512 vespe-

194 1557 272 1605 ram
309 1530 504 1604 inclinabat
536 1529 628 1620 dies,
669 1538 788 1602 tamen
822 1529 954 1602 amicos
995 1526 1187 1602 convocari
1218 1524 1328 1598 iubet
1387 1523 1439 1597 Et

194 1641 321 1716 ostatis
348 1640 493 1739 quidem
518 1641 692 1738 placebat,
718 1638 953 1713 Macedonum
979 1663 1078 1712 more
1105 1635 1210 1710 obrui
1236 1636 1345 1726 saxis,
1365 1635 1438 1709 He·

197 1751 388 1852 phaestion
414 1760 537 1824 autom
563 1761 600 1826 et
613 1747 780 1824 Cratonis
807 1743 845 1824 et
863 1748 1004 1824 Coenus
1030 1748 1219 1828 tormentis
1245 1747 1438 1820 veritatem
1459 1763 1493 1812 ιο

196 1849 467 1961 exprimendam
493 1887 573 1937 csse
599 1862 776 1954 dixerunt,
798 1873 836 1936 et
860 1863 909 1934 illi
935 1887 1086 1966 quoque,
1107 1860 1168 1958 qui
1194 1855 1292 1930 aliud
1318 1881 1439 1931 suase·

196 1985 297 2066 rant,
331 1975 368 2047 in
400 1975 528 2048 horum
563 1975 775 2050 sententiam
815 1983 1012 2047 nauseant
1073 1969 1231 2046 Consilio
1266 1994 1354 2068 ergo
1387 1967 1438 2041 di·
1460 1988 1493 2036 11

197 2089 326 2178 misse,
353 2085 599 2185 Hephaestion
625 2111 706 2159 cum
731 2084 879 2160 Cratero
906 2095 944 2158 et
969 2081 1091 2160 Coeno
1118 2082 1165 2156 ad
1192 2082 1439 2180 quaestionem

197 2199 244 2272 de
270 2196 413 2271 Philota
444 2196 649 2270 habendam
683 2205 911 2296 consurgunt
963 2194 1044 2270 nex
1070 2193 1220 2271 Cratero
1254 2193 1438 2286 accersito,
1460 2213 1495 2260 ιι

198 2320 236 2382 et
261 2333 426 2382 sermone
452 2308 587 2400 habito,
614 2309 712 2382 cuius
739 2333 878 2382 summa
903 2333 975 2382 non
1002 2307 1100 2382 edita
1125 2317 1191 2398 est,
1213 2307 1251 2380 in
1276 2306 1440 2379 intimam

197 2419 385 2494 diversorii
418 2429 560 2518 purtem
591 2420 751 2511 secessit,
787 2433 824 2496 ct
858 2421 1003 2494 remotis
1036 2419 1179 2494 arbitiis
1216 2420 1254 2491 in
1289 2417 1441 2492 multam

152 2533 171 2572 ”⁴²
197 2543 341 2634 noctem
372 2532 590 2629 quaestionis
627 2533 832 2630 expectavit
863 2539 1042 2604 eventum.
1096 2529 1267 2604 Tortores
1294 2530 1331 2602 in
1358 2549 1495 2602 con-13

198 2651 361 2739 spectum
374 2641 538 2717 Philotae
565 2645 686 2718 omnia
712 2643 931 2718 crudelitatis
957 2643 1198 2718 instrumente
1223 2650 1440 2741 proponunt.

198 2753 247 2825 Et
272 2753 330 2826 ille
357 2753 462 2844 ultro,
493 2751 586 2836 Quid
610 2755 751 2846 sesamis,
776 2755 904 2852 inquitj
929 2757 1018 2854 repis
1043 2757 1235 2846 baimiaco,
1260 2755 1497 2854 indefecte-14

198 2889 284 2956 rem,
317 2866 516 2962 eufimiam
546 2865 713 2942 occidere?
744 2867 826 2966 quid
856 2867 1042 2965 pamma
1075 2893 1160 2966 opus
1191 2867 1259 2941 est?
1293 2863 1444 2962 cupitum,

199 2975 298 3052 volui.
353 2973 522 3050 Craterus
550 2978 703 3076 exigere,
729 2989 778 3068 ut,
806 3003 896 3074 quac
923 2978 1164 3078 confiteretun
1191 2978 1227 3050 in
1253 2973 1443 3050 tormentis

234 3252 258 3326 ᾗ.
277 3255 301 3300 7.
323 3265 375 3299 non
394 3247 439 3316 qui
457 3245 551 3298 Iouem
579 3245 649 3299 Aldo
667 3253 803 3316 acceptum
838 3247 914 3300 codd
937 3263 986 3301 noc
1007 3247 1061 3302 scio
1083 3247 1126 3301 cui
1146 3248 1227 3302 bono.
1268 3245 1323 3300 Sed
1345 3253 1444 3366 pungne

199 3318 319 3382 serimus,
344 3315 415 3386 quod
438 3331 490 3366 nou
508 3331 540 3367 oo
558 3313 615 3368 loco
667 3316 746 3368 situm
763 3323 803 3368 est
838 3315 962 3382 ostendit,
980 3324 1012 3368 ut
1029 3316 1087 3370 loco
1105 3333 1159 3370 non
1177 3333 1225 3369 suo
1242 3315 1374 3386 positum.
1416 3331 1444 3366 e·

201 3403 254 3456 quo
280 3384 374 3451 dcbct,
402 3399 463 3436 nam
489 3383 564 3435 codd.
587 3333 692 3453 quidllm
715 3401 803 3437 omncs
838 3385 913 3437 bcrct
938 3383 1008 3437 euim
1033 3395 1163 3454 torqueret
1185 3401 1292 3454 quoque.
1328 3382 1383 3436 sod
1409 3383 1442 3437 cs.

200 3459 312 3521 vetusto
335 3467 424 3506 erroro
451 3459 513 3522 post
543 3453 698 3522 interruperit
725 3452 804 3505 collo·
838 3469 917 3522 supra
934 3453 968 3504 ad
986 3469 1042 3524 cap.
1061 3459 1104 3519 20,
1124 3459 1148 3506 5.

203 3529 275 3575 cant.
872 3523 901 3572 in
918 3537 1059 3590 cameram.
1094 3521 1172 3575 Unus
1186 3519 1293 3573 mern
1311 3521 1340 3572 in
1357 3537 1445 3588 vespe-

237 3593 261 3658 §0
280 3595 304 3643 8.
339 3588 459 3641 munibus
479 3605 576 3640 eorum.
611 3585 716 3642 Medius
734 3589 804 3658 ipsc·
839 3607 905 3642 rum.
930 3589 1000 3642 Tum
1017 3591 1161 3659 prcestlo
1179 3600 1265 3642 cutem
1282 3587 1446 3640 uncnlinali

201 3678 260 3712 mm
283 3675 336 3710 non
361 3655 444 3723 malo,
467 3656 514 3708 scd
533 3656 608 3709 codd.
634 3674 687 3710 non
713 3657 805 3710 suffra·
839 3658 916 3711 Voss.
936 3664 987 3713 1.2
1007 3666 1036 3711 et
1052 3658 1125 3711 Flor.
1143 3675 1233 3711 omncs
1271 3665 1358 3710 rector
1375 3657 1399 3709 B
1417 3666 1447 3710 et
1477 3727 1478 3730 Ἴ

201 3735 308 3799 gantas.
344 3724 439 3795 Neque
452 3724 503 3778 hcc
516 3723 803 3792 concinnatoribus,
842 3725 880 3792 G,
908 3727 1067 3796 Hephaestio
1095 3725 1176 3779 otiam
1198 3675 1274 3779 teil.
1309 3725 1445 3796 Aspiratio

202 3805 233 3849 ut
251 3813 310 3848 cum
320 3808 468 3871 pronomen
478 3791 632 3846 mtlcxivum
646 3794 808 3864 nonpossint
842 3794 947 3865 quidem
966 3795 1021 3848 scre
1037 3794 1170 3849 omittitur
1187 3795 1215 3847 in
1233 3793 1306 3848 libris
1323 3811 1383 3847 nas.

202 3863 330 3918 adhibcrc
357 3862 391 3916 ob
422 3861 535 3931 aliquam
563 3877 681 3930 causam,
715 3861 807 3916 malint
876 3866 899 3931 ξ.
925 3871 964 3917 lt.
1004 3865 1033 3915 ln
1058 3874 1220 3934 conspectum
1237 3895 1273 3903 —
1286 3872 1446 3932 proponunt.

202 3937 273 4015 cites,
289 3934 334 4012 ¹ci,
357 3949 413 3984 οιιιιι
430 3937 474 4009 cet
491 3944 602 3999 ponere,
619 3949 697 4001 quam
715 3933 806 4010 ipsius,
841 3931 930 4012 llulgo
947 3934 976 3984 in
993 3942 1129 4013 copcpeetu
1148 3933 1219 4002 quod
1238 3949 1290 3985 non
1308 3938 1378 3984 osset
1389 3947 1446 3984 cor-

203 3998 807 4134 tttttttaltltttnathltitt]
841 4001 1185 4122 ttttttntttttt?
1201 3998 1446 4136 btttttdtt

203 4141 293 4192 adelae
318 4145 386 4188 vitata
409 4135 513 4200 mortis,
540 4135 564 4186 sl
584 4151 612 4187 se
634 4138 716 4188 centis
739 4138 807 4190 eius
842 4136 905 4189 nihil
923 4137 956 4190 ab
973 4137 1036 4191 olim
1054 4137 1125 4207 vulg.
1143 4137 1275 4189 divorsum
1298 4139 1445 4203 enotatas.)

204 4208 345 4260 obtulisset.
843 4206 897 4260 Cic
914 4204 1023 4258 inttutl.
1040 4213 1107 4259 orat.
1126 4212 1152 4273 2,
1171 4213 1186 4258 5
1204 4213 1273 4258 extr.
1291 4208 1334 4258 lex
1351 4207 1379 4258 iu
1394 4224 1446 4275 pu-

240 4275 307 4345 Cnp.
330 4279 377 4340 42,
407 4275 431 4340 ξ.
454 4277 478 4326 9.
515 4273 543 4323 iu
565 4274 684 4326 custodia
710 4291 808 4343 quoqne
842 4276 935 4327 blicam
956 4275 1134 4343 proponitur,
1169 4274 1213 4327 ubi
1241 4275 1334 4327 modes
1360 4273 1445 4328 Gara-

205 4353 341 4415 torqucrct.
395 4340 501 4394 Medius
531 4349 691 4410 torqueretur
717 4353 808 4396 contra
842 4342 924 4397 tonio.
