3260 5042
455 315 460 322 ·
544 323 594 374 nn
620 323 755 378 essrrs·
773 323 882 376 Amin
909 325 960 395 111,
990 321 1032 373 ss.
1358 307 1409 380 55

159 507 301 578 litteras
327 503 375 578 ad
398 504 649 580 Alexandrum
688 531 711 576 a
736 506 916 602 praefecto
941 506 1108 582 Damasci
1141 509 1268 584 missas
1293 509 1406 584 tradit

161 615 205 704 ei,
246 639 314 690 nec
349 616 515 690 dubitare
549 641 641 703 eum,
675 614 760 709 quin
793 639 935 688 omnem
976 618 1110 714 regiam
1147 622 1404 716 supellectilem

124 745 246 798 acum
272 729 424 826 pecunia
449 724 619 813 traderet,
646 723 784 798 adiecit
824 725 1022 818 Parmenio,
1048 730 1225 802 asservari
1238 755 1281 804 eo
1295 733 1403 829 iusso,

160 838 302 913 litteras
328 837 458 934 aperit:
486 835 522 906 in
548 835 627 930 quis
653 846 732 908 erat
757 837 939 932 scriptum,
966 847 1007 910 ut
1031 850 1171 912 mature
1196 840 1406 920 Alexander

160 951 318 1044 aliquem
345 971 392 1018 ex
418 943 570 1019 ducibus
596 949 670 1020 suis
702 949 861 1018 mitteret
892 971 973 1018 cum
1004 971 1114 1020 manu
1144 950 1284 1046 exignus
1337 955 1405 1030 lta

123 1081 233 1156 sque
258 1055 436 1130 Mardum·
451 1056 544 1130 datis
576 1057 766 1130 comitibus
801 1055 849 1130 ad
879 1056 1099 1154 proditorem
1130 1061 1289 1136 remittit
1341 1066 1405 1142 Ille

159 1193 182 1241 e
207 1169 374 1242 manibus
401 1166 680 1242 custodientium
700 1167 833 1264 lapsus,
859 1166 1076 1244 Damascum
1101 1179 1185 1244 ante
1211 1173 1328 1248 lucem
1353 1178 1404 1251 in·

160 1287 245 1351 trat.
299 1279 527 1353 Turbaverat
564 1301 607 1348 ea
644 1301 703 1350 res
729 1277 974 1350 Parmenionis
1008 1279 1166 1352 smmum
1190 1281 1404 1359 insidianti.

158 1391 303 1480 mentis,
330 1400 369 1463 et
392 1389 556 1484 ignotum
581 1388 650 1460 iter
675 1390 751 1462 sine
778 1387 869 1461 duce
894 1413 967 1462 non
994 1389 1152 1463 audebat
1175 1391 1329 1488 ingredi:
1355 1398 1404 1470 fe·

137 1499 287 1599 'licimi
313 1509 434 1570 tamen
460 1500 554 1596 regis
581 1500 637 1571 sui
663 1499 828 1589 conlisus,
854 1511 1026 1595 agrestes,
1053 1501 1113 1597 qui
1139 1499 1248 1576 duces
1266 1504 1403 1580 itineris

143 1603 294 1699 Quem,
321 1609 436 1706 excipi
462 1609 574 1680 iussit
628 1605 765 1696 Quibus
804 1608 966 1684 celeriter
991 1611 1152 1708 repertis,
1191 1623 1319 1708 quarto
1346 1614 1404 1690 die

158 1718 209 1792 ad
236 1719 363 1792 urbem
400 1718 575 1817 pervenit,
607 1718 678 1790 iam
700 1729 886 1792 metuente
919 1721 1109 1818 praefecto,
1147 1745 1194 1794 ne
1220 1723 1288 1797 sibi
1312 1724 1403 1800 fides

122 1829 287 1902 thabita
317 1855 391 1902 non
425 1841 531 1903 esset
583 1827 696 1926 Igitur
728 1829 830 1925 quasi
863 1855 992 1928 parum
1021 1831 1250 1906 munimentis
1281 1835 1403 1934 oppidi

75 2005 78 2010 .
157 1937 288 2030 fidens,
315 1953 400 2014 ante
431 1941 517 2014 solis
551 1951 673 2014 ortum
706 1939 894 2038 pecuniam
927 1942 1072 2038 regiam,
1104 1941 1246 2039 (gazam
1270 1943 1403 2020 Persae

156 2049 321 2149 vocant)
346 2077 429 2125 curn
462 2049 726 2148 pretiosissimis
757 2075 878 2124 rerum
910 2051 1028 2125 efferri
1061 2051 1171 2143 iubet,
1209 2054 1333 2154 fugam
1358 2055 1402 2130 si·

155 2161 312 2250 mulans,
334 2161 377 2234 're
404 2187 501 2252 vera,
530 2172 570 2235 ut
594 2159 765 2259 praedam
791 2160 887 2234 hosti
912 2163 1066 2236 offerret.

122 2290 138 2338 e
264 2269 380 2344 Multa
404 2273 502 2345 milia
525 2273 685 2344 virorum
710 2270 991 2370 feminarumque
1015 2271 1250 2346 excedentem
1269 2275 1454 2373 oppid034

156 2381 414 2477 sequebantur,
441 2381 607 2456 omnibus
634 2381 844 2454 miserabilis
870 2382 987 2471 turba,
1013 2391 1157 2478 praeter
1182 2408 1275 2476 eum,
1302 2386 1402 2460 citius

155 2489 245 2563 fidei
271 2493 460 2566 commissa
486 2503 572 2566 erat
627 2488 767 2588 Quippe
793 2515 864 2586 quo
890 2491 1003 2564 maior
1028 2491 1239 2588 proditionis
1265 2519 1401 2569 merces

155 2601 264 2690 foret,
290 2601 444 2676 obiicere
469 2602 566 2677 hosti
602 2602 754 2699 parabat
784 2601 978 2699 gratiorem
1003 2602 1104 2693 omni·
1124 2604 1276 2700 pecunia
1301 2629 1403 2702 prae·

156 2711 261 2802 dam,
293 2714 430 2787 nobiles
462 2713 576 2802 viros,
602 2723 810 2810 praetorum
840 2709 949 2784 Darei
989 2711 1157 2810 coniuges
1190 2713 1402 2811 liberosque,

123 2834 306 2922 epraeter
331 2824 398 2898 hos
425 2819 643 2896 Graecarum
667 2823 810 2896 urbium
836 2823 984 2918 legatos,
1019 2847 1109 2919 quos
1135 2821 1275 2898 Dareus
1301 2825 1403 2896 velut

194 3027 221 3092 §.
238 3029 263 3077 8.
285 3040 343 3076 oon
360 3039 442 3076 manu
459 3023 568 3094 aitqua]
604 3021 722 3076 Additur
737 3021 766 3076 in
800 3023 883 3090 caut),
901 3035 944 3088 tv,
962 3027 994 3074 lll
1011 3021 1107 3089 filium⁴
1122 3021 1253 3089 (Statirae
1275 3031 1332 3074 εναι
1355 3039 1402 3074 uo-
1448 3083 1453 3092 ἱ

157 3091 283 3146 ominbus
300 3089 375 3144 codd.
393 3107 453 3144 mss.
475 3107 583 3160 cumque
608 3108 655 3142 rer
678 3101 765 3142 teneus
799 3093 881 3158 oren),
908 3095 1001 3154 1v,86
1027 3105 1129 3143 omnen
1151 3089 1287 3158 (Boumelo
1310 3107 1402 3142 mosen

158 3163 248 3240 pssum
277 3157 432 3226 (deteriores
458 3163 527 3224 eum)
553 3159 711 3228 reliquisset,
738 3157 766 3210 in
800 3159 862 3228 est),
880 3172 921 3224 vr,
940 3165 973 3212 26
991 3160 1029 3211 ad
1035 3160 1154 3227 fratrem
1182 3155 1323 3226 (Cebalino
1344 3167 1401 3210 erut

209 3229 258 3281 bns
276 3225 364 3280 verbis
381 3225 532 3280 coniectura
548 3225 707 3297 experienda
716 3233 765 3279 est.
800 3229 915 3294 nomm),
941 3241 982 3292 vr,
1001 3233 1031 3280 sl
1057 3225 1161 3278 Arabes
1215 3234 1299 3277 ectum
1322 3225 1402 3292 (Tro-

159 3246 236 3350 ffio
254 3294 317 3349 olim
334 3294 424 3348 fuisse:
443 3297 488 3348 cui
504 3298 619 3349 traderet
636 3312 765 3364 quoecun-
798 3297 913 3364 qlodytis
931 3311 1069 3362 copnomen
1086 3293 1147 3361 est).
1208 3292 1225 3345 f.
1247 3292 1283 3344 sd
1307 3305 1347 3358 tv,
1367 3299 1400 3348 te

159 3381 212 3434 que
229 3381 277 3416 res
290 3381 371 3432 penes
389 3365 475 3433 pastun
494 3365 649 3432 reliquisset.
673 3361 766 3433 Sequi·
800 3372 870 3416 extr.
888 3377 930 3428 vr,
950 3369 990 3429 10,
1010 3369 1033 3415 6.

160 3443 209 3486 tur
227 3433 322 3500 Itaque
340 3431 468 3484 Mardum
488 3435 559 3498 (nam
577 3431 604 3484 in
621 3430 695 3483 Leid.
714 3449 767 3483 non
837 3431 900 3500 Cap.
920 3437 962 3496 st,
984 3431 1017 3550 ὃ.
1036 3435 1059 3483 o.
1094 3429 1213 3482 omnibus
1230 3429 1400 3496 miserabilis]

159 3516 221 3582 esse
240 3503 330 3569 itaque
347 3497 391 3551 vix
413 3499 514 3566 oredo),
537 3499 584 3552 sed
605 3497 768 3580 interficiunt
802 3501 886 3552 osnnis
903 3498 975 3552 Flos.
1012 3496 1111 3564 EFHI,
1129 3497 1260 3576 mirabilis
1277 3496 1358 3550 Bern.
1376 3497 1402 3549 A

160 3567 617 3716 dwmt‘itdsstattff
633 3583 767 3715 tritt:
802 3565 1402 3714 iltib‘bittbt‘tbt‘l⁰tdt¹3l

159 3704 358 3825 Qgggwd'
376 3703 400 3756 E
417 3702 524 3774 legitur,
549 3711 676 3756 scatens
692 3721 767 3774 pror-
802 3703 885 3756 Vides
911 3719 945 3756 ne
970 3711 1083 3774 optimos
1100 3701 1207 3774 quidem
1232 3702 1333 3754 mendis
1358 3719 1401 3756 ca·

161 3791 209 3827 sus
226 3790 243 3825 a
802 3787 868 3824 resa
1369 3799 1371 3804 ·

197 3843 222 3909 5.
249 3846 274 3893 5.
327 3857 404 3892 asom
431 3839 530 3893 Persae
560 3839 664 3910 uocant]
696 3837 764 3893 Edd.
834 3840 972 3892 amomum
990 3840 1059 3906 εναε]
1094 3838 1140 3892 Sic
1162 3837 1222 3891 libri
1239 3855 1299 3890 mss.
1317 3835 1402 3890 nostri

229 3915 272 3962 ter
320 3907 475 3961 misnam
499 3907 672 3962 deterioribus
693 3906 766 3962 libris
801 3907 928 3973 etSnak.;
946 3923 1036 3959 omnes
1052 3906 1118 3959 editi
1134 3905 1401 3976 praeter-Medianum

182 3985 261 4030 uctse
286 3993 380 4046 quom
409 3993 506 4045 parom
537 3977 637 4029 Persae
667 3986 765 4029 meunt.
801 3974 1174 4096 esdem‘pertinaciasuemu
1200 3972 1273 4043 quasi
1291 3972 1342 4024 iarn
1360 3990 1402 4026 so-

161 4045 295 4126 lgnonnt
318 4043 528 4097 additamentum
550 4061 584 4096 ex
607 4044 669 4099 olim
687 4043 766 4097 oolla·
802 4043 859 4098 luto
876 4063 893 4097 o
921 4044 970 4097 cic.
1005 4043 1073 4096 Item
1099 4040 1221 4110 deinceps
1242 4043 1402 4108 proditionis

160 4121 199 4168 trs
216 4113 259 4166 Bo
297 4112 396 4166 .leid.
418 4112 492 4166 Voss.
513 4121 535 4177 l,
553 4127 568 4164 e
585 4111 682 4166 nostris
695 4111 767 4166 Flos.
801 4131 899 4166 merces
917 4130 977 4166 mss.
1014 4110 1101 4162 uidem
1124 4125 1222 4172 omnes,
1244 4107 1271 4160 ni
1290 4107 1400 4162 Voss‘i

163 4179 270 4236 fflcG
328 4199 366 4233 rn.
383 4181 418 4232 A.
436 4180 512 4234 Solet
530 4179 638 4234 Curtius
655 4179 682 4234 in
699 4185 767 4233 eius·
803 4181 876 4234 cuius
910 4199 963 4233 non
995 4129 1028 4231 b
1057 4176 1168 4254 nientio·
1183 4193 1321 4230 numerare
1348 4176 1401 4240 νῆες

88 4311 92 4318 ,
162 4249 237 4304 modi
262 4247 482 4320 explicationibus
515 4247 639 4302 omittere
669 4265 765 4320 prono·
801 4249 865 4302 editi
883 4245 1071 4317 proeterblod.
1087 4247 1242 4314 proditoris,
1260 4245 1328 4298 mule
1346 4244 1402 4296 sinu

163 4335 240 4372 men:
257 4332 299 4385 nr,
318 4325 333 4371 9
342 4319 453 4387 ferreae
470 4334 564 4370 uranus
584 4319 767 4388 (iuspoqonos
803 4315 892 4370 dubio.

164 4390 281 4455 nocam),
300 4401 340 4452 vr,
358 4391 390 4440 ³1
400 4386 505 4456 soritem
523 4387 601 4455 (solis
619 4403 714 4454 aquom
725 4403 766 4438 uo·
839 4384 933 4437 Graec.
952 4381 1176 4452 urbiumleyutos]
1195 4379 1284 4450 Vulgo
1298 4382 1402 4434 urbinus
