3300 5044
271 347 345 416 482
492 363 525 425 o.
554 363 676 414 cunrn
701 363 785 415 anm
810 363 858 416 or
885 361 1010 416 ansus
1037 363 1146 415 max.
1174 367 1224 436 nr,
1252 363 1296 416 ⁴2.

268 543 375 616 tibus.
428 541 550 640 Ipsum
583 548 821 646 convivasque
852 571 977 620 currus
1003 547 1173 636 vehebat,
1209 549 1358 622 crateris
1385 544 1507 618 aureis

268 651 497 750 eiusdemque
536 659 705 734 materiae
741 659 942 759 ingentibus
978 656 1115 757 poculis
1154 660 1371 756 praegravis.
1428 654 1508 729 Hoc
1523 671 1549 717 tt

267 763 375 836 modo
409 791 471 862 per
503 767 579 842 dies
611 783 747 868 septem
773 769 1065 844 bacchabundum
1092 791 1221 864 agmen
1247 769 1411 856 incessit,
1449 793 1509 864 pa-

267 886 347 948 rata
381 877 534 974 praeda,
578 883 608 952 si
644 879 728 975 quid
762 882 864 952 victis
898 880 1025 951 saltem
1058 875 1234 952 adversus
1268 881 1508 952 comissantes

266 989 374 1059 animi
408 988 548 1061 fuisset:
588 991 682 1061 mille
717 990 872 1078 hercule,
907 989 973 1060 viri
1005 985 1113 1058 modo
1140 998 1177 1060 et
1203 989 1328 1078 sobrii,
1363 1001 1510 1086 septem

267 1096 405 1170 dierum
439 1099 586 1194 crapula
615 1122 743 1195 graves
776 1099 811 1170 in
843 1123 908 1172 suo
934 1097 1115 1195 triumpho
1141 1115 1269 1196 capere
1294 1110 1509 1196 potuerunt

266 1204 340 1279 Sed
364 1208 524 1298 fortuna,
557 1233 647 1305 quae
672 1209 779 1282 rebus
805 1210 936 1284 famam
961 1211 1184 1308 pretiumque
1210 1209 1409 1294 constituit,
1440 1209 1511 1281 hoc
1526 1227 1554 1274 aa

266 1342 408 1413 quoque
447 1319 592 1420 militiae
629 1321 799 1418 probrum
831 1323 940 1396 vertit
970 1323 1007 1394 in
1038 1322 1198 1420 gloriam.
1250 1317 1299 1392 Et
1329 1345 1510 1418 praesens

266 1437 366 1501 aetas
393 1439 430 1501 et
455 1431 645 1526 posteritas
672 1432 798 1506 deinde
823 1435 952 1505 mirata
976 1442 1047 1523 est,
1083 1455 1147 1529 per
1177 1442 1304 1528 gentes
1338 1429 1510 1503 nondum

265 1535 353 1612 satia
380 1539 533 1614 domitas
558 1542 744 1615 incessisse
769 1544 996 1632 temulentos,
1031 1540 1210 1630 barbaris,
1236 1537 1334 1635 quod
1358 1541 1510 1614 temeri·

264 1661 320 1725 tas
348 1661 435 1740 erat,
461 1649 627 1724 fiduciam
653 1675 731 1724 esse
757 1650 992 1725 credentibus.
1030 1648 1136 1723 Hunc
1158 1661 1372 1748 apparatum
1390 1650 1511 1724 carni·
1528 1669 1556 1714 ²⁹

265 1763 326 1835 fex
361 1762 594 1856 sequebatur:
635 1761 765 1859 quippe
798 1771 959 1860 satrapes
993 1761 1187 1859 Aspastea,
1226 1760 1272 1833 dc
1307 1785 1382 1856 quo
1419 1773 1510 1833 ante

191 1885 200 1894 '
266 1871 401 1944 dictum
428 1882 498 1962 est,
535 1873 685 1946 interfici
715 1873 830 1946 iussus
862 1882 927 1946 est
978 1871 1082 1964 Adeo
1112 1894 1179 1944 nec
1210 1870 1376 1944 luxuriae
1405 1871 1508 1968 quic·
1525 1888 1556 1938 ao

264 2007 372 2079 quarn
398 1982 599 2073 crudelitas,
625 2007 691 2055 nec
715 1981 914 2056 crudelitati
939 1983 1084 2057 luxuria
1109 1983 1240 2057 obstat

315 2191 374 2263 :²⁷¹
390 2175 394 2182 ’
404 2192 507 2253 parata
517 2183 635 2262 prqedo]
663 2181 782 2236 Mirorin
790 2182 863 2236 nullo
914 2185 956 2303 p.
970 2189 1013 2266 ²⁸:
1053 2186 1100 2237 loc
1120 2200 1171 2256 quo
1216 2249 1223 2262 ·
1246 2179 1394 2262 elegantius
1422 2199 1511 2253 quam

264 2269 278 2306 c
316 2267 444 2318 recessa,
468 2251 541 2321 quod
563 2268 590 2303 ιη
607 2249 727 2305 omnibus
743 2267 800 2304 essa
817 2252 862 2304 de·
896 2269 967 2321 vag.
985 2254 1027 2306 tac
1043 2267 1142 2332 quoque
1161 2250 1181 2304 t
1200 2257 1326 2330 nunostn
1343 2265 1441 2304 omnes
1461 2269 1511 2304 cx·

78 2315 85 2324 “
150 2341 157 2350 ·
264 2320 357 2386 bebat,
378 2329 477 2388 paratu
494 2335 544 2389 pro
562 2319 633 2389 vulg.
655 2329 751 2389 porta,
772 2337 862 2390 quam·
896 2319 999 2384 bibent,
1024 2335 1148 2392 quourca
1168 2335 1253 2399 mugra
1274 2317 1358 2372 miror
1378 2317 1512 2374 Smken-

264 2405 343 2459 quum
361 2389 425 2440 baec
442 2388 523 2440 verba
544 2387 607 2440 alibi
624 2386 680 2440 sere
697 2386 782 2440 solent
799 2405 814 2441 a
832 2387 862 2440 li·
896 2387 1018 2460 burgiam
1035 2387 1112 2442 silere
1129 2389 1164 2441 da
1180 2405 1243 2440 aurs.

264 2455 358 2508 brariia
391 2454 543 2526 permutari.
597 2454 680 2510 Recte
713 2457 862 2508 emendasse
931 2460 954 2524 ξ.
972 2463 1013 2511 30.
1054 2473 1101 2509 nec
1126 2457 1259 2524 lammae}
1295 2453 1382 2510 (toda
1409 2473 1511 2509 omna·

262 2522 425 2578 Palmarium
451 2541 482 2578 ac
507 2541 568 2578 rece
587 2524 636 2578 isse
661 2523 782 2578 Medium
808 2541 861 2577 nou
895 2533 1001 2595 praeter
1017 2523 1176 2588 Vossianus,
1203 2523 1249 2595 qui
1270 2541 1324 2577 non
1342 2541 1511 2580 commemo-

262 2603 329 2663 puto
346 2593 387 2646 cui
407 2610 467 2644 uam
485 2609 540 2645 earo
576 2592 678 2658 obium,
702 2611 761 2645 nam
779 2603 861 2662 parto
895 2602 996 2660 rantur,
1013 2611 1055 2659 ne,
1073 2608 1122 2646 neo
1139 2599 1227 2644 umen
1241 2591 1309 2644 ullus
1327 2591 1427 2644 deinde
1447 2597 1511 2664 qui-

262 2661 362 2731 praeda
380 2611 570 2741 llacedonibus
587 2671 659 2741 erat,
671 2661 721 2741 ipsi
738 2660 861 2714 Macedo-
895 2664 966 2729 dnn,
988 2663 1059 2733 quod
1076 2660 1181 2714 videtur
1197 2659 1312 2714 librariis
1328 2663 1511 2717 obversatum

262 2741 595 2851 lamet-tta
628 2738 861 2851 tttttttl
896 2747 961 2784 ⁰⁸⁵⁰·

752 2837 758 2861 s
803 2837 810 2865 r
855 2836 861 2850 ·
