3260 5042
948 159 969 200 Q

675 379 893 432 PRAEFATIO.
1372 385 1411 434 IX

170 564 300 662 quibus
328 589 371 636 ea
396 565 506 654 ratio,
542 590 651 662 quam
682 565 719 639 in
753 565 975 642 recensendo
1001 575 1109 638 textu
1133 575 1276 638 secutus
1302 589 1411 655 eram,

169 715 244 762 nen
283 691 411 764 leviter
450 694 665 780 confirmata
703 705 768 766 est.
821 690 915 764 Nam
954 691 1148 764 editionem
1178 690 1289 764 Hadr.
1321 692 1411 765 Ionii

169 817 476 915 Antvarpiensem
501 845 533 894 a.
564 823 681 910 1546,
721 820 857 915 inqua
888 820 1005 917 prima
1035 843 1109 890 non
1141 819 1236 891 levia
1261 817 1325 890 sed
1352 844 1412 891 ex·

170 967 298 1040 pressa
331 947 488 1020 melioris
526 947 682 1020 familiae
722 945 885 1018 codicum
924 945 1076 1042 vestigia
1114 956 1303 1043 apparent,
1349 948 1411 1018 cel.

169 1068 319 1144 Bardilii
345 1090 516 1172 prompto
543 1072 588 1146 de
615 1073 743 1146 litteris
771 1070 931 1146 merendi
957 1055 1077 1143 studio
1102 1083 1228 1144 nactus
1254 1097 1343 1162 sum,
1376 1085 1413 1146 et

170 1196 328 1272 duorum
353 1199 520 1280 codicum
545 1223 631 1272 mss.
658 1199 894 1274 bibliothecae
916 1199 1079 1296 publicae
1101 1197 1289 1273 Beruensis
1311 1225 1411 1274 accu-
1476 1244 1477 1247 π

169 1335 291 1398 ratam
326 1351 408 1398 cum
443 1325 601 1400 editione
631 1324 827 1425 Bipontina
859 1352 892 1399 a.
922 1328 1019 1398 1782
1056 1327 1281 1400 collationem
1308 1353 1330 1401 a
1355 1355 1412 1402 me

170 1465 323 1552 rogatos
349 1453 520 1541 instituit,
539 1454 603 1527 cel.
630 1454 851 1528 Adalbertns
878 1445 1043 1544 Iahnius,
1081 1453 1140 1552 ph.
1166 1453 1229 1526 Dr.
1256 1466 1294 1527 et
1318 1455 1412 1528 illius

170 1579 412 1654 bibliothecae
438 1581 722 1678 subpraefeotus.
753 1579 910 1660 ,Eorum
935 1579 1099 1654 codicum
1124 1582 1214 1654 alter
1235 1583 1414 1679 antiquior

169 1706 268 1780 idem
296 1717 370 1797 est,
397 1707 459 1804 qui
485 1707 522 1779 in
548 1708 669 1781 libello
695 1708 1130 1782 variantiumlectionum
1154 1708 1251 1806 apud
1276 1688 1413 1782 Freins-

169 1833 331 1906 hemium
350 1833 449 1908 Petri
463 1833 624 1908 Danielis
651 1861 699 1908 ex
724 1836 869 1910 nomine
894 1835 1027 1911 veteris
1053 1821 1269 1933 possessoris
1295 1837 1413 1934 appel·

169 1963 270 2034 latur
295 1972 334 2035 et
356 1961 407 2038 D.
434 1963 512 2036 sive
536 1961 634 2038 Dim.
660 1972 825 2054 notatur,
859 1973 987 2061 estque
1018 1987 1111 2036 unus
1143 1969 1190 2035 e'x
1216 1964 1413 2062 praecipuis

169 2090 331 2164 melioris
356 2090 512 2162 familiae
538 2089 656 2180 libris3
684 2091 785 2180 alter,
811 2116 919 2188 quem
944 2089 1206 2164 BeruensemB
1233 2112 1413 2182 vocamus,

168 2215 222 2290 ad
248 2217 400 2290 classem
425 2215 656 2290 deterrimam
671 2228 934 2316 corruptorum
956 2217 1128 2292 librorum
1145 2218 1308 2316 pertinet,
1333 2243 1413 2317 pro·

166 2345 342 2442 ximeque
366 2343 414 2418 ad
448 2356 615 2419 nostrum
639 2343 886 2420 Florentinum
910 2343 947 2419 H
973 2345 1126 2420 accedit:
1165 2356 1314 2442 uterque
1339 2371 1414 2419 non

167 2484 250 2547 tam
274 2497 452 2548 novarum
479 2473 674 2546 lectionum
700 2475 850 2571 copiam,
876 2499 985 2572 quam
1010 2499 1058 2548 ex
1080 2472 1292 2547 Florentinis
1314 2473 1412 2546 libris
1457 2459 1483 2537 s

167 2601 342 2674 haustam
366 2600 553 2690 habemus,
579 2602 693 2691 auxit,
720 2626 828 2698 quam
854 2602 992 2680 illustre
1018 2599 1271 2676 documentum
1293 2600 1414 2673 discri-

168 2729 295 2817 minis,
330 2726 439 2836 quod
453 2728 549 2800 inter
579 2727 721 2802 codices
748 2727 939 2805 Curtianos
974 2740 1086 2820 esset,
1121 2729 1412 2828 repraesentavit.

168 2856 234 2930 Ex
257 2854 386 2930 eadem
410 2855 629 2930 bibliotheca
646 2855 819 2930 Bemensi
845 2857 1021 2932 benevole
1045 2857 1232 2930 nobiscum
1259 2882 1413 2931 commu·

168 2984 294 3057 niceta
320 2994 405 3056 sunt
431 2983 506 3056 duo
526 2985 746 3083 exemplaria
762 2985 860 3084 typis
877 2983 1074 3084 descripta:
1102 2983 1300 3058 Parisinum
1317 2983 1413 3083 apud

171 3108 358 3185 Simonem
384 3107 595 3184 Colinaeum
631 3115 729 3185 1543
766 3123 804 3186 et
829 3111 1069 3212 Lugdunense
1095 3113 1192 3210 apud
1218 3112 1414 3184 Antonium

43 3285 47 3294 ·
171 3237 406 3312 Vincentium
435 3239 554 3328 1546,
594 3238 643 3312 ad
676 3265 828 3336 quorum
860 3242 1038 3339 margines
1065 3241 1193 3338 partim
1221 3239 1320 3312 Petri
1345 3237 1415 3312 Da
1508 3267 1509 3270 ¹

172 3367 278 3441 nielis
309 3367 442 3464 partim
485 3355 606 3440 iacobi
640 3365 827 3465 Bongarsii
862 3369 1028 3443 manibus
1062 3370 1197 3466 aliquot
1235 3368 1414 3440 variantes

172 3495 347 3570 lectiones
373 3491 578 3594 adscriptae
603 3505 720 3568 sune·
739 3520 866 3571 verum
897 3497 939 3570 iis
966 3497 1192 3586 lectionibus,
1224 3507 1414 3594 propterea

70 3709 75 3718 ¹
175 3621 274 3720 quod
300 3647 448 3721 prorsus
474 3622 634 3696 incertae
659 3634 747 3697 sunt
772 3625 1014 3716 auctoritatis,
1046 3625 1196 3698 utinen
1223 3625 1413 3721 potuimus.

173 3749 291 3848 Magis
331 3750 526 3848 profuisset
557 3749 731 3822 Aldinum
770 3753 955 3850 exemplar
993 3777 1017 3824 a
1054 3750 1183 3826 lacobo
1218 3751 1413 3848 Bongarsio

174 3877 285 3950 variis
311 3878 526 3952 lectionibus
551 3877 707 3951 duorum
733 3877 897 3952 codicum
922 3880 1154 3970 instructum,
1185 3879 1282 3952 unde
1307 3889 1414 3952 notae
1523 3887 1531 3898 '

174 4008 287 4106 Bonp.
318 4009 349 4078 1.
378 4007 399 4076 2
434 4005 474 4078 in
508 4002 755 4106 collectionem
790 4007 818 4080 F
819 4008 1115 4082 reinshemianam
1132 4008 1317 4082 .videntur
1351 4005 1414 4079 flu-

175 4135 290 4223 xisse,
326 4131 392 4206 sed
416 4132 505 4206 illud
532 4135 717 4233 exemplar
742 4135 880 4208 dudum
908 4135 1083 4236 disparuit
1109 4135 1206 4235 (vide
1232 4134 1281 4207 Io.
1309 4131 1413 4232 Oasp.

177 4259 303 4336 Orellii
329 4263 729 4336 commentatiunculam
761 4263 807 4338 de
832 4275 959 4338 nostra
990 4263 1146 4337 editione
1170 4262 1285 4336 Berol.
1315 4263 1412 4334 1826

177 4390 218 4462 in
250 4386 401 4462 Seebod.
435 4401 473 4462 et
498 4388 598 4464 Iahn.
634 4417 717 4464 nov.
744 4394 861 4466 annal
888 4393 1055 4491 philolog.
1089 4402 1126 4464 et
1160 4391 1355 4489 paedagog.
1382 4415 1414 4464 a.

182 4518 280 4589 1831
307 4517 379 4590 vol.
405 4515 439 4588 ll
466 4543 547 4617 pag.
576 4523 623 4602 45
652 4519 759 4616 sqq.):
796 4504 1012 4618 quamquam
1043 4546 1087 4594 ne
1120 4521 1174 4592 his
1200 4519 1343 4616 quidem
1368 4519 1414 4590 le·
