3300 5044
243 321 317 434 4d8
713 377 747 439 Q.
774 375 899 428 cunrrr
922 376 1008 427 nurr

242 561 343 634 vobis.
396 560 472 634 lom
497 576 606 636 autem
631 563 752 654 sutus,
783 575 813 635 et
836 573 995 662 quantun
1020 559 1093 632 siue
1118 583 1194 656 rege
1221 561 1329 633 volem
1361 559 1491 632 werti-

243 683 305 760 tus,
330 684 360 743 et
385 673 468 772 quid
493 675 567 772 opis
592 675 629 746 iu
653 701 705 748 me
730 701 795 748 uuo
820 675 871 748 sit.

195 783 238 852 ll
345 781 499 857 Desiluit
533 785 662 856 deinde
695 784 860 857 frendens
886 783 931 855 de
963 779 1149 867 tribunali,
1185 791 1222 850 et
1253 783 1288 852 in
1322 781 1537 856 mediumsu

243 906 462 966 mutatorum
489 919 616 992 agmen
644 921 683 965 sc
709 896 862 982 immisit,
889 904 1032 966 notatos
1059 915 1216 987 quoque,
1250 895 1311 986 qui
1338 895 1489 965 ferocis-

243 1005 331 1076 sime
358 1004 515 1076 oblocuti
543 1015 654 1092 ernnt,
681 1006 837 1100 singulos
864 1031 972 1077 manu
994 1002 1173 1099 corripuit,
1200 1026 1266 1073 nec
1291 1029 1403 1076 ausos
1433 1029 1489 1074 re

242 1139 413 1213 pugnare,
440 1113 612 1186 tredecim
638 1112 872 1185 asservandos
900 1114 1108 1186 custodibus
1134 1113 1292 1210 corporis
1321 1113 1488 1184 tradidit

243 1221 331 1311 Quis
364 1222 543 1310 crederet,
585 1246 729 1295 saevum
760 1223 866 1319 poulo
898 1235 982 1294 unte
1015 1225 1216 1296 contionem
1249 1225 1539 1322 obtorpuissem

243 1334 362 1406 subito
388 1345 497 1424 metu,
524 1345 561 1406 et
586 1359 668 1405 curn
694 1333 753 1406 ad·
767 1333 976 1432 supplicium
997 1329 1137 1406 videret
1154 1335 1248 1406 trahi
1266 1337 1354 1407 nihil
1372 1361 1488 1407 ausos

241 1445 408 1540 graviora
434 1469 542 1540 quam
567 1457 705 1517 ceteros
731 1445 754 1489 ¹*
771 1444 793 1488 ⁴*
820 1445 894 1516 sive
916 1442 1078 1532 nominis,
1105 1442 1202 1539 quod
1219 1457 1358 1542 gentes,
1388 1466 1522 1541 quaes

242 1555 310 1626 sub
344 1555 488 1653 regibus
526 1567 627 1646 sunt,
663 1556 755 1628 inter
787 1555 873 1629 deos
904 1554 1046 1644 colunt,
1082 1553 1158 1626 sive
1190 1555 1336 1652 propria
1368 1557 1489 1654 ipsius

241 1667 441 1756 veneratiO,
476 1667 551 1738 sive
583 1664 712 1738 fiducia
742 1676 843 1738 tanta
874 1665 911 1737 vi
942 1663 1141 1737 exercentis
1174 1665 1362 1762 imperium
1398 1692 1489 1738 oon·

241 1777 369 1848 terruit
395 1801 475 1849 eos:
502 1776 680 1872 singulare
706 1787 801 1848 certe
827 1774 1015 1848 ediderunt
1040 1774 1234 1872 patientioe
1260 1777 1523 1873 exemplum,⁴

241 1885 402 1983 adeoque
428 1911 500 1959 non
527 1897 612 1958 sunt
636 1886 773 1958 accensi
799 1886 970 1984 supplicio
988 1884 1279 1982 commilitonum,
1306 1911 1391 1958 curn
1409 1888 1486 1960 sub

239 2009 381 2071 noctem
409 1995 614 2069 interfectos
641 2020 720 2068 esse
745 2003 968 2092 cognossent,
995 2005 1037 2067 ut
1052 1994 1139 2068 nihil
1157 1997 1351 2086 omiserint,
1380 1995 1488 2093 quod

241 2109 370 2208 singuli
395 2108 509 2206 magis
535 2106 743 2181 obedienter
769 2117 806 2178 et
830 2107 888 2204 pie
910 2107 1077 2178 facerent.
1120 2103 1311 2180 Nemeum
1329 2119 1525 2205 posteros

241 2349 359 2472 1³1?de
372 2421 491 2488 corripit,
510 2419 556 2470 sed
573 2435 747 2489 praesensere
763 2433 841 2488 pree-
875 2419 982 2483 similes,
1000 2419 1066 2487 quid
1082 2419 1114 2470 de
1131 2419 1195 2486 ursis
1213 2435 1312 2488 quoque
1329 2434 1378 2470 rex
1394 2428 1490 2470 stutu-

241 2486 327 2540 teritis
346 2486 493 2540 immixtum
511 2505 565 2540 non
582 2488 645 2554 sero,
669 2505 717 2540 noe
735 2486 840 2540 Modiue
875 2487 968 2538 endum
990 2495 1117 2550 caudet,
1145 2503 1274 2555 euspmsu
1296 2497 1382 2539 mente
1403 2503 1490 2556 expe-

240 2555 325 2608 edidit
339 2555 644 2609 sutSnnlrenb.n0tsvit
661 2573 677 2608 e
694 2554 747 2609 suis
766 2555 840 2608 oodd.
875 2562 981 2606 starent.
1005 2554 1119 2624 Itaqud‘
1135 2555 1190 2606 siue
1207 2561 1257 2608 cet
1284 2551 1368 2606 Cuius
1386 2563 1490 2608 unctor

276 2626 299 2692 ξ.
318 2632 340 2677 1.
375 2627 441 2676 nihil
462 2643 541 2677 uncos
582 2627 689 2678 rouioro
707 2643 784 2694 quem
801 2640 840 2674 ce·
874 2621 920 2700 qui
937 2621 972 2674 sit
988 2619 1094 2691 ignoro,
1118 2629 1224 2675 essars
1245 2623 1358 2694 primum
1378 2621 1405 2674 in
1426 2623 1489 2676 edi-

155 2719 157 2724 ·
241 2694 319 2760 teror]
356 2691 417 2745 Non
435 2692 539 2745 difficile
557 2644 637 2746 litent
653 2710 712 2746 cum
722 2690 840 2744 Acidalio
875 2699 948 2744 tione
974 2689 1070 2743 Colon.
1096 2709 1119 2744 ι
1146 2695 1213 2744 less
1244 2701 1301 2744 tum
1329 2689 1489 2744 Bssilecnsi

241 2763 321 2814 nitito
347 2760 494 2827 corrigere,
521 2762 568 2813 sed
589 2760 649 2814 libri
670 2779 722 2814 non
745 2763 840 2812 iurent.
874 2758 935 2810 anni
956 2765 1021 2812 1545
1043 2759 1178 2828 adscripto
1201 2757 1278 2812 titulo
1293 2759 1488 2828 fraenentur·

242 2828 301 2882 Neo
322 2845 386 2880 esne
403 2825 494 2894 rideo,
521 2829 692 2899 cumulique
714 2826 841 2880 adiectivs
875 2826 902 2878 in
919 2827 1046 2880 videtete
1060 2826 1180 2880 lectionis
1192 2826 1256 2880 edit.
1265 2827 1347 2880 Snulr.
1358 2837 1489 2882 notetur.

241 2898 308 2950 uitii
325 2914 373 2966 pro
391 2915 443 2949 uon
461 2896 646 2950 adverbialiter
668 2896 782 2966 positum
800 2912 840 2947 re-
874 2895 933 2964 Ego
956 2895 984 2948 in
1006 2895 1071 2950 edit.
1091 2895 1202 2948 Iuniana
1222 2895 1284 2948 enni
1308 2901 1375 2949 15⁴⁰
1409 2895 1490 2950 inter

241 2965 349 3046 cipiunt,
369 2965 433 3035 quid
450 2981 610 3044 mngnopere
624 2966 841 3036 impediatque·
875 2963 992 3016 stellulae
1010 2972 1039 3016 et
1055 2963 1188 3034 adscripto
1208 2963 1236 3016 in
1258 2964 1379 3042 margine
1395 2967 1488 3019 verbo

240 3051 327 3086 minus
344 3031 414 3086 idem
432 3033 479 3085 fist
496 3051 524 3086 m
540 3051 598 3088 com
664 3033 723 3087 tisis
736 3031 841 3086 adiecti·
874 3031 1180 3100 ssepphmeutwuinveni.
1203 3030 1275 3084 Satis
1311 3033 1400 3085 uidem
1417 3044 1489 3088 sunt

241 3119 341 3156 vorum.
378 3100 479 3155 Graece
499 3111 572 3156 certe
615 3111 640 3168 t,
666 3101 718 3155 vid.
736 3118 777 3154 ex.
801 3119 840 3171 gr.
875 3099 1007 3169 elegantis
1025 3101 1071 3152 sed
1093 3099 1170 3152 nimis
1193 3100 1271 3170 longe
1291 3049 1385 3153 ilucts:
1415 3102 1486 3155 mihi

240 3170 376 3240 Aristoph.
395 3170 422 3222 in
440 3168 542 3223 Avibus
559 3177 658 3225 vum
683 3175 770 3238 μείζω
786 3173 841 3249 μὲν
874 3177 946 3221 certe
963 3167 1028 3221 nihil
1045 3167 1117 3222 eliud
1135 3168 1185 3222 nisi
1199 3167 1311 3222 fortene
1326 3187 1411 3222 ruem
1422 3172 1488 3240 qui-

242 3236 335 3291 οὐδέν.
370 3238 470 3291 Moneo
488 3246 590 3306 umen,
608 3257 650 3292 me
667 3239 754 3293 adhuc
771 3237 841 3290 nmi-
874 3238 931 3289 dem
948 3239 1086 3291 sustulisse
1103 3237 1146 3290 vel
1162 3236 1215 3289 tale
1232 3236 1333 3306 aliquid
1351 3254 1382 3290 sc
1401 3256 1488 3308 pne-

241 3306 292 3359 lem
310 3307 420 3360 locumn
442 3306 611 3360 udLstinurn
625 3307 778 3386 scriptorem
787 3323 841 3359 non
875 3313 947 3358 terea
965 3305 992 3358 in
1009 3304 1093 3376 prinei
1114 3305 1141 3359 io
1155 3305 1291 3375 sequentis
1302 3305 1405 3376 periodi
1416 3323 1488 3360 con-

240 3374 380 3427 invenisse.
450 3373 545 3428 cidisse
554 3383 642 3428 sutem
651 3375 753 3445 aliquot
761 3376 841 3427 verba
874 3373 974 3427 iunctio
993 3373 1083 3427 sedvi
1103 3381 1164 3426 etur
1181 3373 1317 3426 excidisse.

260 3451 303 3496 ost
321 3454 416 3496 ceteros
435 3443 511 3496 sscile
529 3452 653 3514 apparet,
677 3443 726 3497 etsi
750 3443 840 3513 scripti
908 3444 931 3510 §.
944 3449 969 3496 8.
1005 3459 1071 3512 quae
1088 3444 1135 3495 sub
1157 3443 1262 3512 reqibus
1280 3443 1350 3510 sunt}
1387 3444 1484 3498 Abest

240 3461 301 3564 lbri
328 3511 448 3594 lacunam
470 3529 528 3564 eum
545 3513 637 3566 relicto
654 3513 740 3591 spatio
759 3529 840 3565 vacuo
873 3512 982 3590 verbum
995 3509 1188 3564 substantivum
1201 3509 1316 3563 utribus
1325 3510 1486 3566 FlonABC

240 3578 841 3716 tilettfflltttdffittdtltmd
873 3577 1301 3716 {tt'ltlttdffitt
1311 3579 1488 3704 &iffi

239 3716 840 3855 tlslttltdfffltttfltttttttntt
873 3733 1020 3838 llffill
1044 3714 1156 3770 nuc
1178 3717 1283 3785 ’ΨΜ
1306 3725 1381 3782 ''²¹‘’
1400 3735 1485 3787 '‘⁹‘'

239 3871 297 3905 uem
315 3864 383 3905 ructu
405 3856 566 3924 obtorpuisse
584 3865 608 3908 et
626 3887 658 3896 —
672 3857 777 3924 fiducia
796 3872 838 3907 eus
907 3859 928 3920 ᾗ.
940 3860 963 3905 l.
982 3855 1050 3906 inter
1065 3855 1367 3922 ectosessecoquossent]
1386 3851 1486 3924 Vulgo

240 3923 403 3974 contenuit?
430 3940 463 3974 ne
481 3922 566 3975 dicum
587 3922 734 3993 elegantem
752 3931 839 3976 orato·
873 3931 985 3988 nossent,
1004 3938 1032 3974 se
1069 3919 1163 3974 hocin
1177 3919 1248 3975 nullo
1262 3921 1331 3974 libro
1340 3929 1413 3974 msto
1423 3933 1485 3976 est:

240 4005 303 4042 rem.
339 3989 394 4042 Sed
412 3989 440 4044 in
458 3990 609 4060 vulgaribus
627 4009 698 4044 nunc
714 3991 838 4044 editioni·
872 3999 902 4043 ut
925 4008 972 4043 nos
995 3989 1124 4042 edidimus
1141 3987 1212 4042 Flor.
1226 3991 1251 4042 A
1273 3988 1347 4042 Iaeid.
1367 3989 1482 4046 Voss‘l

239 4057 288 4110 bus
306 4057 386 4128 paulo
404 4057 523 4128 longiore
541 4060 723 4130 supplemento
740 4060 784 4114 illu
801 4059 838 4112 ln·
873 4058 987 4112 Ber-nn
1005 4057 1149 4124 exhibent,
1160 4061 1242 4110 ceteri
1261 4063 1458 4126 cognoscerent.

241 4143 307 4178 cuns
330 4144 361 4178 ex
384 4125 452 4179 letur
474 4128 538 4180 hoe:
566 4139 664 4182 etcum
681 4133 719 4182 ud
738 4131 838 4198 suppli·
907 4138 930 4180 et
943 4129 1000 4195 pie]
1036 4127 1126 4195 Vulgo
1144 4143 1176 4178 uc
1194 4127 1255 4204 gie,
1278 4125 1324 4178 sed
1341 4135 1366 4178 et
1383 4143 1484 4182 omnes

241 4196 308 4247 cium
327 4144 423 4247 vidiret
445 4197 516 4248 truli
532 4197 597 4249 nuit
614 4215 692 4251 ausos
713 4199 838 4268 grauiora
872 4195 931 4248 libri
948 4213 1009 4248 mss.
1044 4193 1141 4248 Sensus
1159 4193 1211 4246 lom
1230 4193 1271 4247 hic
1288 4203 1341 4246 est:
1361 4204 1391 4246 ut
1411 4197 1484 4251 nihil

239 4281 318 4332 quum
336 4275 442 4328 ceteros,
462 4274 533 4330 „tum
547 4267 656 4333 effitsmn
670 4277 745 4319 auten
760 4269 838 4319 liceu—
873 4265 1002 4333 reliquum
1021 4263 1140 4326 fecerint,
1159 4262 1484 4340 quodquivisunusobe-

240 4333 313 4396 tiam,
327 4341 404 4398 utque
418 4335 566 4384 seditiosam
575 4335 684 4386 utilitum
693 4338 838 4388 violeruinru
872 4333 986 4386 dientius
1004 4332 1089 4385 furere
1106 4339 1206 4402 possen
1233 4348 1288 4384 ure
1305 4331 1429 4386 brevius:
1448 4347 1485 4388 ut

241 4401 279 4450 ita
297 4416 479 4466 compressum,
498 4409 526 4451 ut
544 4418 594 4451 nou
612 4404 686 4455 modo
703 4406 788 4455 nutius
808 4422 837 4454 rx
874 4419 980 4471 prorsus
1015 4417 1091 4454 nemo
1125 4399 1291 4454 obedientius
1322 4416 1350 4451 se
1382 4417 1486 4470 gerere

241 4467 358 4518 onmibus
377 4469 488 4519 irruenti
511 4469 568 4536 regi
590 4471 726 4535 restiterit,
753 4488 837 4521 verum
873 4467 996 4539 potuerit.

1005 4563 1033 4602 Ψ

353 2357 395 2415 11,
414 2353 488 2432 52³⁰·
515 2367 594 2403 mauu
613 2351 747 2430 sustinuit]
770 2348 841 2402 Flor.
875 2349 953 2400 etium
970 2350 1056 2402 cuncti
1070 2365 1171 2417 poem
1188 2351 1340 2416 minuti,
1360 2351 1489 2402 annuitis
