3350 5042
226 281 299 352 312
647 297 652 306 ·
699 293 733 358 a
760 289 882 346 curru
906 289 992 342 surr

220 477 356 573 equites
382 499 463 550 xxx
487 477 855 577 miliaoxpleverant
907 473 990 572 lpse
1014 471 1161 565 Bactra,
1195 473 1351 573 regionis
1379 473 1459 548 eius
1477 491 1510 540 ιι

219 597 344 684 ceput,
377 585 446 660 sita
480 600 566 663 sunt
596 591 662 663 sub
695 599 817 663 monte
852 583 1091 682 Parapamiso.
1152 583 1304 660 Bactrus
1339 587 1458 658 amnis

219 698 392 794 praeterit
415 701 566 773 moenia.
618 699 652 774 Is
679 700 758 773 urbi
785 711 821 774 et
846 695 980 796 regioni
1008 692 1108 767 dedit
1132 718 1274 768 nomen.

163 809 216 906 Ι19
322 807 391 884 Hic
421 810 497 908 regi
529 812 661 885 stativa
692 810 837 883 habenti
871 807 1056 884 nuntiatur
1091 829 1138 878 ex
1171 800 1322 879 Graecia
1353 807 1459 882 Pelo-
1478 827 1515 876 aa

218 921 472 1019 ponnesiorum
510 919 760 1016 Laconumque
799 919 959 991 defectio.
1029 915 1198 990 Nondum
1237 916 1331 988 enim
1371 919 1459 990 victi

217 1041 335 1121 erant,
369 1055 450 1102 cum
481 1029 787 1125 proficiscerentur
814 1028 987 1100 tumultus
1014 1029 1089 1098 eius
1116 1026 1289 1125 principia
1313 1027 1457 1100 nuntia·

217 1141 298 1213 turi.
350 1137 399 1210 Et
424 1137 514 1210 alius
541 1163 709 1234 praeseus
734 1150 851 1211 terror
876 1137 1040 1226 affertur,
1068 1133 1239 1234 Scythas,
1272 1141 1334 1236 qui
1358 1138 1458 1212 ultra

217 1249 367 1320 Tanaim
401 1273 543 1322 amnem
577 1251 713 1341 colunt,
754 1247 965 1336 adventare,
999 1243 1112 1318 Besso
1147 1247 1302 1321 serentes
1337 1275 1456 1346 opem.

217 1356 356 1431 Eodem
390 1369 572 1458 tempore,
606 1387 697 1460 quae
732 1361 767 1434 in
800 1371 907 1461 gente
932 1359 1102 1432 Ariorum
1129 1355 1291 1432 Caranus
1316 1369 1354 1433 et
1380 1357 1459 1432 Eri-

215 1468 321 1567 gyius
358 1483 559 1568 gesserant,
594 1473 829 1570 perferuntur.
895 1467 1133 1544 Commissum
1168 1479 1247 1564 eret
1280 1469 1459 1568 proelium
1476 1491 1512 1538 as

217 1581 310 1654 inter
335 1579 550 1657 Macedones
575 1585 762 1680 Ariosque.
814 1583 1015 1680 Transiuga
1049 1577 1300 1654 Satibarzanes
1326 1581 1456 1654 barba-

218 1693 267 1766 ris
292 1704 476 1789 praeerat:
504 1695 565 1791 qui
591 1719 671 1766 oum
696 1718 853 1791 pugnam
879 1717 1026 1790 segnem
1052 1691 1230 1787 utrimque
1256 1691 1379 1788 aequis
1405 1691 1458 1764 vi·

216 1802 315 1875 ribus
343 1812 440 1876 staro
465 1802 624 1893 vidisset,
649 1805 685 1876 iu
711 1804 843 1902 primos
869 1802 1012 1876 ordines
1038 1800 1270 1898 adequitavit,
1296 1801 1459 1900 dempta-

218 1936 288 2010 que
314 1913 427 2010 galea,
453 1913 610 2010 inhibitis
636 1913 696 2009 qui
721 1915 793 1986 tela
818 1913 1008 2003 iaciebant,
1035 1913 1170 2010 siquis
1197 1913 1329 1987 viritim
1356 1911 1459 1986 dimi·

218 2047 300 2098 care
334 2024 459 2115 vellet,
498 2024 708 2121 provocavit
743 2023 801 2098 ad¹
824 2048 995 2123 pugnam,
1031 2023 1170 2096 nudum
1204 2047 1244 2096 se
1277 2034 1385 2122 caput
1414 2025 1458 2118 ¹iu

218 2133 411 2210 certamine
452 2132 666 2207 habiturum.
732 2132 813 2208 Non
853 2136 936 2208 tulit
969 2134 1137 2208 ferociam
1176 2133 1321 2208 barbari
1355 2132 1511 2208 decisa

217 2241 403 2344 Erigyius,
434 2244 555 2342 gravis
586 2245 729 2341 quidem
760 2256 893 2336 aetate,
929 2244 1057 2319 sedet
1088 2245 1198 2318 animi
1224 2255 1262 2318 et
1296 2245 1457 2343 corporis

217 2355 348 2430 robore
374 2355 462 2430 nulli
487 2356 655 2430 iuvenum
682 2355 941 2455 postferendus.
993 2353 1029 2429 Is
1053 2357 1158 2454 galea
1190 2353 1338 2453 dempta
1363 2357 1458 2430 oeni·

218 2605 326 2660 mriium.
379 2611 475 2678 Itaque
501 2609 619 2680 quamvis
645 2627 699 2664 nou
725 2625 819 2681 negem
852 2617 907 2663 tam
923 2607 1001 2662 istam
1018 2609 1156 2662 restium
1172 2615 1271 2679 possm
1293 2607 1350 2662 Sed
1366 2623 1457 2662 rerum

205 2675 316 2728 ‹babere
342 2674 407 2731 haec
432 2677 513 2730 verbs
537 2677 635 2748 aliquid
658 2678 817 2746 offensionis,
851 2687 893 2739 eat
910 2695 968 2732 eam
985 2677 1129 2730 accusativi
1146 2675 1457 2746 terminationemsuper·

218 2742 336 2797 noudum
354 2752 453 2813 umen,
471 2761 532 2798 cum
549 2746 576 2799 in
593 2745 712 2800 omm'bus
725 2755 819 2800 extent
846 2763 908 2816 'esse
926 2745 953 2799 in
970 2745 1163 2800 Ieid.Voss.1
1183 2743 1300 2798 Berua&
1318 2743 1457 2798 Florus.

218 2810 359 2878 codicibus,
378 2813 472 2867 adduci
489 2831 594 2884 possum
612 2825 643 2868 ut
659 2814 767 2868 deleam.
888 2819 913 2880 s.
924 2821 966 2869 tt.
987 2813 1142 2883 Transsupa
1152 2813 1351 2880 Satibarzanes]
1370 2822 1457 2866 πατιε-

253 2881 276 2948 5.
295 2886 337 2933 81.
372 2881 558 2951 Parapamiso.
589 2883 711 2952 Bactrus]
747 2883 818 2937 Edit.
844 2883 869 2954 s
901 2901 939 2934 as.
959 2883 1098 2935 Artitazes
1117 2881 1196 2934 Beru.
1214 2881 1241 2933 A
1256 2879 1332 2933 Leid
1351 2880 1454 2935 Voss-l

217 2947 701 3072 renuentem
722 2951 820 3073 un
853 2948 1459 3139 s...

217 3083 292 3137 dedit
309 3083 472 3154 Pampanis.
499 3087 625 3154 Bactrus,
648 3059 719 3158 quod
735 3096 776 3141 est
792 3087 820 3140 in
854 3087 882 3140 H
904 3085 1026 3140 Beruss
1078 3103 1129 3139 oss.
1142 3057 1171 3138 2.
1207 3085 1401 3152 Nabarzanes,
1427 3094 1459 3137 ut

219 3151 291 3206 Flor.
310 3151 367 3212 FG·
402 3152 493 3210 Iunius
514 3155 619 3273 scripsit
636 3156 819 3234 Parapamiso:
854 3173 885 3210 eu
903 3173 942 3220 ra,
960 3163 1113 3234 constanter
1127 3153 1202 3234 Fiat:
1220 3151 1256 3206 G.
1334 3220 1340 3232 Ι

218 3221 333 3272 Bactms
352 3237 400 3274 nee
416 3222 450 3274 ab
468 3239 500 3274 eo
511 3223 558 3274 Mo
578 3240 617 3276 rus
634 3223 754 3276 discessit
770 3222 820 3276 uiar
885 3173 996 3276 dardan
1013 3223 1086 3275 ducta
1104 3223 1244 3290 Enpyrasl
1272 3219 1385 3276 Codices
1402 3221 1459 3292 ple-

218 3287 292 3366 quqd
300 3287 490 3366 Paropamisos
507 3291 544 3342 du
562 3289 626 3344 licis
644 3291 725 3359 dedit,
743 3291 820 3346 sicuti
853 3290 928 3361 rique
941 3292 1074 3361 ferociam
1096 3291 1202 3344 barbari
1223 3291 1278 3343 dua
1296 3291 1367 3342 illias
1385 3307 1459 3344 eaer-

219 3355 318 3434 legrtur
343 3373 371 3408 ru
398 3356 469 3410 Flor.
486 3309 570 3412 ABd.
614 3357 761 3431 Supersunt
787 3360 820 3412 ds
854 3358 1069 3428 edas,·,eorrupti
1087 3358 1165 3412 codd.
1188 3356 1262 3412 Flor.
1280 3356 1345 3410 DFI
1368 3377 1460 3438 saper·

219 3431 317 3476 nostrus
334 3423 407 3477 Plor.
426 3425 453 3478 Η
479 3425 559 3479 Beru.
579 3427 601 3479 B
626 3427 670 3497 qui
693 3427 821 3484 exhibent
855 3427 924 3480 biam
942 3427 1120 3479 bertaridus
1139 3427 1265 3480 exercitus
1284 3427 1372 3492 iltius,
1396 3435 1461 3480 rtem

220 3491 396 3560 Parapaniso.
414 3493 538 3548 Bactrus.
564 3494 820 3550 Suskeub.iuLoid.
854 3494 972 3565 corrupti
1005 3494 1074 3548 Flor.
1098 3493 1152 3548 ΕΗ
1178 3492 1305 3547 Bern.B
1347 3497 1460 3548 crociam

219 3559 296 3612 Voss.
317 3566 339 3612 1.
358 3566 373 3613 2
393 3561 476 3615 tradit
494 3560 546 3632 legi
565 3563 638 3616 Para
675 3565 740 3617 aisa.
767 3564 820 3616 Bo·
855 3565 925 3616 illias
944 3563 1114 3616 barbaricina
1124 3563 1259 3615 aereitus.
1345 3562 1461 3616 eundum

219 3636 314 3692 arna„
333 3625 390 3697 ipse
413 3638 502 3684 autem
528 3630 611 3684 edidit
652 3635 820 3702 aropamirso.
855 3641 897 3684 est
918 3631 952 3684 ad
978 3629 1083 3684 illorum
1112 3629 1285 3699 integriorem
1310 3629 1461 3696 lectionem,

220 3692 290 3747 Vide
306 3711 388 3766 supra
406 3696 439 3751 ad
457 3715 479 3752 a
500 3705 539 3753 12.
855 3699 883 3753 in
900 3717 953 3770 qua
969 3709 1081 3770 apparet
1098 3698 1172 3768 quod
1188 3705 1230 3750 est
1246 3700 1374 3752 exaratus
1395 3699 1461 3753 nibil

256 3760 322 3832 Cap.
342 3769 383 3830 12,
443 3771 485 3820 82.
514 3767 758 3837 Peloponnesiorum
766 3769 822 3828 taff
856 3767 1001 3822 aliudesse
1026 3785 1105 3838 quam
1126 3781 1222 3820 nomeu
1239 3765 1381 3836 Eriqyias,
1408 3785 1461 3822 uon

221 3847 369 3901 meamque.
444 3835 539 3888 ebatur
555 3835 821 3908 vulgoPetoponaen·
856 3835 939 3906 igitur
955 3851 1012 3889 esse
1029 3853 1088 3888 cum
1105 3833 1200 3888 Medio
1221 3834 1388 3888 scrrbendum
1407 3837 1462 3888 daz

221 3899 299 3962 ”Mt
323 3899 370 3952 ”d
396 3900 499 3956 codices
525 3901 723 3958 Led.v0sa-1
751 3905 822 3960 Flor.
856 3907 983 3958 exercitus
993 3904 1131 3973 Eripaias:
1148 3917 1235 3974 neque
1252 3909 1311 3956 erat
1327 3901 1397 3956 solus
1406 3903 1462 3957 dux

220 3964 345 4020 ABCEP
371 3967 451 4022 Beru.
474 3971 524 4024 ΑΒ
554 3971 822 4040 Peloponnensium,
857 3973 1032 4026 Macedonum
1056 3959 1193 4041 Eripps'us.
1236 3969 1368 4041 Equidem
1393 3981 1462 4042 puto

221 4034 318 4104 partim
336 4037 468 4104 mendose,
492 4039 588 4108 partim
606 4050 694 4095 tamen
711 4050 742 4096 ut
778 4041 823 4096 uid
857 4041 920 4096 olim
937 4039 1017 4094 fuisse
1034 4043 1107 4094 dacis
1126 4056 1160 4092 ex
1197 4056 1232 4092 uo
1249 4041 1342 4092 etdaz
1355 4046 1382 4091 et
1399 4055 1461 4094 oon-⁴

221 4103 538 4177 remmsitinteliigatur.
558 4107 823 4166 Ethocoorreetrone
857 4109 974 4164 iunctum
993 4107 1191 4178 curuinexplica
1210 4105 1461 4162 iliuominesactum

223 4169 353 4294 3111ιέιωῖ
356 4190 457 4293 ⁴urrruus
474 4184 552 4230 extat
573 4181 600 4230 in
617 4177 675 4230 cod.
692 4177 727 4232 H.
754 4179 823 4234 Vide
857 4176 893 4231 sit
910 4178 1234 4312 iffiaaeaaca'rpsshdm]
1254 4241 1294 4296 Be
1345 4243 1454 4299 ΗΜ

374 4281 380 4292 ·
891 4266 909 4298 n
948 4264 1026 4298 crau.
1062 4263 1090 4299 os
1115 4263 1143 4298 er
1294 4262 1334 4297 ru.
1370 4285 1376 4296 .
1456 4286 1461 4298 .

252 4279 374 4387 sere’nteq
389 4313 470 4378 opem]
489 4309 561 4366 Edit.
578 4311 687 4383 pexld.
699 4316 823 4385 famas,
858 4321 873 4369 2
892 4316 958 4368 aaut
974 4332 1026 4366 noa
1038 4263 1094 4366 dev.
1107 4312 1310 4383 praeferendus.
1328 4311 1373 4366 Ex
1389 4309 1462 4368 Flos.

216 4374 295 4446 quad
313 4373 431 4432 Fremsb.
449 4381 566 4448 recoxit,
590 4381 663 4453 quasi
681 4383 824 4454 antiquita·
859 4381 934 4443 CEH
952 4390 1056 4438 tautum
1069 4382 1247 4452 preferendae
1265 4389 1382 4450 notatur.
