3336 5066
585 335 635 386 na
661 333 789 387 ossrrs
821 336 932 386 snex.
957 336 995 402 v,
1023 333 1065 386 ιι.
1388 313 1461 384 185

209 541 313 592 cnxx
347 515 467 591 stadia
500 519 689 618 procurrit.
740 515 821 588 Hoc
856 515 1004 588 dorsum
1031 539 1054 588 a
1080 513 1240 589 Caucaso
1267 527 1388 589 monte
1415 513 1463 588 ad

173 627 362 700 erubrum
393 653 494 702 mare
525 629 698 725 pertinet3
733 649 875 720 quaque
910 625 1041 698 defecit
1067 649 1187 712 mons,
1222 627 1319 698 aliud
1351 628 1463 700 muni·

207 751 391 829 mentum,
417 741 569 826 fretum,
595 735 776 808 obiectum
802 747 868 812 est
921 735 1093 810 Planities
1121 733 1249 807 deinde
1274 737 1342 808 sub
1369 739 1461 812 radi·

209 849 313 922 cibus
339 849 518 922 montium
543 847 705 942 spatiosa
730 847 951 948 procumbit,
979 846 1104 918 fertilis
1133 857 1244 934 terra,
1272 848 1464 942 multisque

173 961 302 1032 rvicis
328 971 437 1052 atque
464 955 614 1030 urbibus
641 957 819 1054 frequens.
873 956 1016 1028 Araxes
1044 957 1160 1028 amnis
1187 982 1251 1053 per
1277 958 1343 1045 hos
1369 983 1463 1030 cam·

209 1094 280 1168 pos
305 1067 503 1139 multorum
529 1093 642 1164 aquas
670 1069 885 1142 torrentium
912 1067 1050 1140 evolvit
1074 1067 1112 1138 in
1139 1064 1302 1138 Medum:
1334 1067 1463 1140 Medus

210 1177 261 1252 ad
286 1201 386 1250 mare
413 1177 462 1252 ad
488 1179 674 1252 meridiem
700 1203 843 1266 versus,
876 1178 995 1250 minor
1021 1176 1136 1249 amnis
1163 1200 1206 1248 eo
1232 1201 1339 1272 quem
1365 1202 1463 1250 acce·

172 1289 282 1386 epit,
315 1289 496 1379 evehitur,
531 1287 805 1387 gignendaeque
839 1287 974 1384 herbae
1010 1311 1084 1358 non
1119 1285 1210 1358 alius
1245 1298 1301 1360 est
1335 1289 1463 1384 aptior,

211 1399 382 1496 quicquid
416 1399 521 1472 alluit
545 1398 694 1472 floribus
720 1399 890 1471 vestiens.
938 1395 1081 1470 Platani
1108 1421 1251 1492 quoque
1277 1409 1315 1470 et
1339 1399 1463 1496 populi

212 1521 412 1608 contegunt
436 1509 553 1607 ripas,
589 1510 640 1581 ita
675 1520 717 1582 ut
741 1509 868 1606 procul
903 1507 1104 1581 visentibus
1132 1509 1341 1580 continuata
1366 1508 1463 1582 vide·

212 1631 322 1694 antru
347 1621 531 1694 montibus
558 1645 708 1694 nemora
732 1619 903 1716 riparum
956 1616 1098 1716 Quippe
1129 1618 1364 1694 obumbratus
1390 1645 1463 1692 am-

210 1733 268 1806 uis
303 1755 430 1828 presso
465 1731 504 1804 in
536 1732 653 1805 solum
691 1731 795 1804 alveo
832 1729 1018 1820 dilabitur,
1052 1731 1309 1826 imminentque
1343 1731 1462 1820 colles,

214 1841 285 1940 ipsi
297 1867 441 1939 quoque
454 1839 643 1914 frondibus
671 1841 766 1930 laeti,
780 1839 919 1915 radices
947 1866 1073 1914 eorum
1098 1842 1249 1916 humore
1275 1841 1462 1916 subeunte.

136 2005 140 2010 .
175 1949 327 2050 attegio
353 1977 427 2024 non
453 1952 524 2024 alia
550 1962 629 2024 tota
654 1951 745 2024 Asia
770 1951 949 2025 salubrior
974 1950 1146 2026 habetur:
1181 1963 1358 2050 temperat
1384 1977 1462 2026 coe·

155 2099 161 2135 J
212 2063 289 2136 lum
321 2061 406 2134 hinc
438 2073 653 2160 perpetuum
685 2062 810 2160 iugum
848 2088 1002 2160 opacum
1034 2072 1072 2136 et
1102 2064 1327 2151 umbrosum,
1365 2063 1462 2160 quod

214 2182 337 2246 aestus
371 2173 487 2263 levat,
505 2173 618 2246 illinc
649 2199 748 2247 mere
775 2173 1003 2266 adiunctum,
1038 2173 1137 2271 quod
1171 2172 1311 2247 modico
1338 2185 1463 2272 tepore
1552 2189 1557 2196 '

214 2295 330 2356 terras
357 2284 487 2358 fovet
535 2323 538 2328 Α

214 2452 298 2530 quod,
321 2450 367 2503 sed
393 2449 434 2503 its
454 2455 485 2502 ut
502 2449 579 2502 simul
596 2449 676 2502 etism
694 2449 824 2503 montium
859 2467 919 2503 cum
936 2449 1061 2504 mendose
1079 2449 1206 2521 scriptum
1223 2447 1373 2505 existimare
1384 2451 1465 2506 debe-

213 2535 277 2588 ruge
298 2517 394 2589 quibus
417 2517 532 2572 eflicitur
548 2517 736 2588 significentur.
773 2518 825 2572 Ce-
858 2527 901 2572 ret
919 2520 949 2584 (c
967 2537 1017 2588 pro
1034 2521 1083 2585 ud)
1103 2517 1130 2572 in
1148 2527 1251 2571 textum
1268 2519 1375 2589 recepit
1394 2521 1464 2576 Hine

213 2595 301 2639 terum
318 2589 408 2640 stadia
426 2603 459 2640 eo
477 2585 535 2640 loco
549 2585 634 2656 posui,
646 2604 700 2656 quo
713 2587 824 2640 verbum
858 2585 910 2639 levi
929 2586 1093 2639 correctione
1119 2587 1239 2638 adbibita
1257 2585 1405 2641 Rederiano
1423 2589 1464 2642 in-

213 2654 312 2725 legitur
329 2654 356 2707 in
373 2654 508 2708 codicibus
526 2654 655 2720 omnibus,
670 2673 730 2707 cum
745 2663 824 2708 antea
858 2654 937 2724 genio
960 2654 1059 2724 prodiit
1080 2654 1151 2724 vulg.
1175 2673 1192 2707 α
1214 2656 1284 2706 mori
1300 2664 1329 2707 et
1346 2659 1384 2708 ud
1400 2675 1463 2710 mer.

308 2722 427 2793 priorem
462 2739 620 2803 numeriam·
642 2723 822 2802 opllocaretur.
858 2741 950 2802 veruga
976 2722 1048 2802 omni
1070 2740 1151 2775 sensu
1168 2723 1301 2802 destituta
1338 2723 1464 2778 Ceterum

213 2807 332 2940 „aa
391 2791 823 2940 ..antetulerit
857 2791 950 2939 tt?
968 2792 1093 2939 :rau
1106 2807 1399 2925 semeleter
1416 2793 1464 2914 det

213 2929 378 2980 lentadmem
396 2945 424 2980 ιιι
441 2927 514 2981 Flor.
533 2929 559 2980 A
577 2929 681 2982 Voss!
702 2937 744 2981 est
760 2931 823 2981 oltr-
857 2945 953 2997 prrons
970 2928 1157 2981 edittom.1r
1186 2945 1214 2997 p.
1235 2935 1281 2981 102
1301 2946 1339 2998 sq.
1375 2929 1400 2982 ll
1439 2930 1463 2982 'e
1533 2979 1538 2982 .

213 2997 338 3062 tedium,
349 3005 482 3066 corrupte.
497 2997 679 3050 Lamudtmm
696 2996 823 3067 intelligit
858 2995 966 3066 quidem
983 2995 1112 3049 orientem
1124 3006 1221 3049 'versus
1233 2997 1260 3048 in
1271 2996 1355 3050 lacum
1364 2997 1463 3051 salsum

214 3081 295 3134 qnam
311 3079 437 3134 superare
453 3065 554 3117 debent
571 3065 618 3134 qui
634 3065 669 3118 ab
683 3064 822 3118 occidente
856 3073 973 3129 exeunt,
1001 3064 1035 3119 cf.
1055 3063 1172 3118 eiusdem
1191 3064 1276 3134 operis
1295 3083 1388 3118 norem
1406 3065 1463 3119 edi-

213 3131 343 3185 orientem
367 3149 457 3186 versus
481 3134 612 3199 tendunt,
639 3151 700 3185 narn
718 3142 821 3186 montes
857 3132 955 3186 tionem
972 3141 1036 3185 tom.
1053 3147 1110 3184 vm
1126 3151 1153 3203 p.
1173 3139 1230 3186 766.
1249 3139 1308 3187 866.

213 3199 272 3254 illos
289 3200 325 3253 ad
341 3201 451 3254 rubrum
468 3217 556 3266 mare,
581 3201 607 3253 h.
629 3217 652 3254 e.
677 3201 710 3252 ad
735 3201 820 3253 sinum
1251 3207 1256 3218 '

212 3267 358 3336 Persicum,
376 3269 511 3322 meridiem
529 3285 620 3322 versus
638 3268 771 3338 pertinere
780 3269 820 3321 di-

212 3337 271 3390 cit'
301 3336 438 3392 luterioris
465 3337 582 3390 Persidis
608 3347 709 3390 montes
739 3337 820 3390 aliurn

213 3413 327 3458 tractum
351 3405 458 3486 habere·
471 3423 488 3458 ιι
510 3422 561 3475 geo
611 3405 668 3476 plris
686 3406 819 3459 docemur.

212 3476 581 3606 diffliusblddsosslru'dcmde
594 3473 819 3594 emllufd‘sotitriissiisl

211 3609 435 3732 ffira-
459 3619 488 3663 ει
511 3611 564 3702 ωι,
580 3650 587 3662 ·
605 3610 685 3662 em·
703 3613 730 3664 Δ
746 3609 818 3663 n..
853 3574 971 3697 etc
986 3575 1461 3714 imaginat-ttrite

890 3235 914 3300 §-
942 3239 966 3286 8.
1011 3235 1083 3286 clueo
1114 3235 1251 3302 dilabitur}
1302 3233 1461 3290 Coniectura

855 3303 921 3354 haec
949 3317 1007 3353 esse
1034 3301 1158 3372 principis
1192 3302 1312 3356 editionis
1347 3303 1461 3372 videtur,

855 3387 916 3422 nam
939 3369 1001 3422 libri
1026 3369 1086 3422 msti
1109 3385 1199 3422 omnes
1226 3389 1300 3423 omne
1324 3373 1461 3440 ditabitur,

854 3439 902 3491 sed
928 3439 1000 3492 bona
1026 3438 1105 3490 etad
1127 3437 1282 3490 sententiam
1299 3447 1370 3509 apta.
1406 3439 1460 3494 Sed

855 3506 928 3560 nulla
945 3523 1025 3560 causa
1042 3515 1083 3558 est
1101 3523 1148 3559 cur
1165 3507 1304 3559 verborum
1314 3507 1460 3576 collocatio,

247 3751 273 3812 ς.
292 3753 316 3800 1.
350 3747 448 3802 Medus
470 3751 509 3801 ed
530 3764 603 3800 more
625 3749 664 3800 ud
684 3747 818 3800 meridiem
888 3748 912 3815 ς.
931 3753 955 3800 9.
991 3755 1115 3814 temperat
1141 3747 1248 3813 coelum]
1285 3745 1365 3799 Parui
1388 3747 1461 3801 codi-

213 3831 303 3868 nersus
325 3845 359 3856 --
383 3817 498 3868 evehitur
548 3815 593 3869 Sic
618 3823 659 3867 est
688 3814 714 3866 in
743 3813 817 3867 Leid.
853 3814 927 3868 cibus
944 3813 1050 3884 optimis
1069 3813 1264 3868 Bernlelor.
1278 3815 1327 3867 ΑΒ
1346 3823 1372 3867 et
1382 3813 1460 3870 Laid.

212 3887 287 3936 Voss.
308 3890 319 3936 l
341 3883 412 3937 Flor.
431 3883 480 3936 AB
498 3819 579 3937 liern.
598 3885 636 3950 A;
664 3883 691 3962 in
709 3882 818 3953 reliquis
854 3886 929 3936 Voss.
946 3891 962 3962 ¹l
984 3884 1360 3962 (typographorumnerrorem
1384 3893 1458 3938 retus

212 3960 240 4004 et
257 3951 316 4004 edd.
334 3961 398 4005 vett.
416 3951 481 4004 item
498 3955 537 4005 ed
553 3969 625 4004 neure
643 3952 816 4021 qmdem,sed
854 3951 925 4021 quod
945 3969 971 4003 ιιι
989 3951 1051 4003 edit
1070 3949 1153 4004 Snalr.
1172 3969 1205 4004 ex
1223 3969 1254 4004 ns
1274 3961 1379 4004 notatur
1396 3963 1460 4004 tem-

211 4028 268 4072 tum
286 4020 341 4073 fere
359 4031 382 4074 et
399 4022 438 4073 od
457 4037 521 4072 mer.
543 4037 663 4072 reuersus
687 4019 770 4085 (Flor.
788 4019 815 4072 D
848 4037 916 4090 perc
935 4021 1054 4084 melum).
1081 4018 1171 4089 Vulgo
1189 4018 1268 4089 paulo
1287 4021 1392 4089 quidem
1410 4021 1458 4074 ab·

209 4087 278 4140 Elll
295 4087 375 4141 Bern.
398 4087 436 4156 B)
462 4097 509 4141 aut
534 4099 557 4141 et
579 4090 671 4140 meriti.
696 4107 816 4142 reuersus
852 4087 964 4158 ruptim,
982 4087 1192 4141 elsinonminus
1202 4097 1460 4157 rosaemannus

210 4155 296 4224 (flor.
321 4156 345 4209 F
368 4155 425 4210 Pal.
446 4164 457 4210 l
483 4160 593 4209 Voss.2
616 4155 680 4208 edit.
699 4163 751 4227 pr.)
770 4165 818 4209 aut
852 4159 958 4221 coelura,
977 4157 1025 4210 sed
1041 4155 1256 4227 interpunctione
1275 4165 1377 4209 nrutatrr
1391 4157 1462 4210 hanc

210 4243 269 4278 cern
286 4229 324 4278 ud
346 4227 438 4278 ninid.
465 4243 585 4278 reversus
611 4225 694 4288 (flor.
714 4225 749 4290 C)
769 4233 816 4277 aut
852 4235 969 4278 nostram
992 4224 1150 4295 scripturam
1174 4224 1306 4293 elegantia
1324 4234 1460 4295 praestare

210 4303 234 4346 et
252 4296 290 4345 ad
305 4311 367 4347 mer.
387 4311 476 4346 veram
502 4293 586 4362 (Flor.
606 4293 631 4347 G
650 4293 713 4347 edit.
732 4293 816 4359 ald).
852 4293 927 4346 facile
945 4293 1051 4346 sentias.
1074 4293 1207 4360 (bladium
1231 4293 1313 4362 ltepio
1332 4311 1382 4346 non
1400 4295 1457 4346 ulia

209 4360 316 4414 Medius
335 4361 361 4414 in
380 4362 433 4414 suis
452 4379 481 4414 sc
495 4361 627 4414 invenisse
641 4363 730 4428 tradit,
747 4366 816 4432 quod
852 4373 905 4415 tota
934 4364 1004 4416 Asia
1037 4363 1170 4415 salubrior
1196 4373 1318 4431 temperet
1344 4363 1459 4416 coelum.-

208 4428 237 4482 in
256 4429 350 4484 nostris
368 4429 439 4486 Flos.
460 4429 516 4484 Dll
532 4440 582 4500 est,
600 4450 617 4485 α
636 4449 717 4502 mare,
736 4441 817 4502 etque
851 4433 911 4484 ltine
923 4440 1078 4500 perpetuum
1096 4433 1160 4502 cet.)
