3258 5120
544 371 594 423 nr
621 368 747 424 susus
774 369 882 422 arax.
909 373 946 439 x,
964 367 1007 420 ετ.
1317 347 1388 418 521

133 548 394 652 protendens,
421 561 463 625 ut
488 554 518 626 si
545 557 623 651 quis
650 579 689 627 se
715 547 1181 650 dig1150rem²profiterecur,
1208 554 1392 652 acciperet.

66 685 107 730 21
134 662 347 758 Ingentem
362 687 462 761 spem
489 664 628 755 indolis,
655 675 739 737 ante
762 688 844 735 eum
870 663 964 736 diem
989 664 1108 735 fiatris
1126 665 1285 738 claritate
1312 689 1393 762 sup·

135 797 330 868 pressam,
358 800 407 848 ea
437 775 626 849 moderata
658 775 830 846 excitavit
861 775 985 847 oratio.
1038 773 1161 871 ltaque
1194 776 1310 847 cuncti
1343 777 1392 846 in-

72 902 112 948 22
137 893 250 955 stare
278 897 483 984 coeperunt,
505 896 560 974 ut,
587 911 680 981 quae
705 885 886 981 agitasset,
914 886 1042 981 exequi
1069 885 1184 956 vellet.
1238 884 1392 958 Eosdem

138 1017 278 1067 rursus
307 998 403 1092 legat
427 998 604 1094 petituros
611 1051 631 1091 ,¹
654 1005 695 1067 ut
719 993 939 1092 Meleagrum
972 996 1118 1068 tertium
1144 994 1270 1068 ducem
1305 997 1392 1068 acci·

138 1117 290 1202 perent.
330 1105 438 1180 Haud
465 1130 571 1202 aegre
598 1106 635 1179 id
661 1107 891 1203 impetratum
917 1118 981 1178 est.
1035 1104 1126 1177 Nam
1152 1118 1190 1178 et
1215 1106 1392 1180 abducere

139 1214 374 1316 Meleagrum
399 1217 576 1290 Perdicca·
598 1242 731 1315 arege
757 1216 939 1314 cupiebat,
954 1227 1003 1289 et
1029 1241 1139 1289 unum
1165 1215 1305 1291 duobus
1331 1219 1393 1291 im·

82 1344 121 1393 as
143 1351 280 1425 parem
311 1329 472 1400 futurum
503 1353 582 1402 esse
617 1328 795 1400 censebat.
853 1325 966 1424 Igitur
990 1326 1169 1424 Meleagro
1203 1355 1284 1401 cum
1308 1329 1393 1426 pha-

141 1438 259 1534 lange
285 1436 430 1510 obviam
457 1462 613 1535 egresso,
640 1437 810 1512 Perdicca
837 1439 996 1534 equitum
1022 1449 1157 1510 turmas
1179 1427 1393 1512 antecedens
1491 1466 1495 1472 ⁴

146 1548 319 1620 occurrit
373 1547 574 1646 Utrumque
600 1573 746 1648 agmen,
781 1558 907 1620 mutua
932 1550 1145 1623 salutatione
1171 1551 1281 1642 facta,
1313 1551 1393 1641 coit,

146 1659 188 1730 in
215 1667 448 1756 perpetuum,
474 1668 521 1732 ut
542 1658 826 1748 arbitrabantur,
853 1657 1043 1732 concordia
1069 1671 1106 1733 et
1131 1685 1218 1758 pace
1243 1661 1392 1733 firmata.

105 1786 153 1834 IX·
265 1766 337 1844 Sed
371 1771 444 1844 iam
478 1771 560 1844 fatis
596 1768 883 1876 admovebantur
908 1767 1144 1844 Macedonum
1174 1772 1271 1868 genti
1301 1771 1444 1844 bella28
1559 1801 1564 1804 ·

150 1879 281 1953 civilia
334 1879 427 1954 Nam
453 1893 490 1956 et-
514 1881 720 1956 insociabile
746 1891 803 1954 est
828 1905 994 1978 regnum,
1029 1891 1113 1955 eta
1143 1881 1303 1979 pluribus
1330 1905 1390 1954 ex·
1489 1895 1491 1900 ’

114 1991 355 2090 apetebatur.
392 1989 569 2065 vPrimam
604 2012 691 2091 ergo
722 1990 897 2090 collegere
921 1994 1033 2083 vires,
1065 1991 1194 2067 deinde
1220 1991 1393 2090 disperse·
1462 2059 1464 2063 .
1539 2051 1541 2056 <
1600 1999 1604 2004 '

150 2109 258 2174 runt:
290 2112 436 2175 etcum
462 2103 624 2201 pluribus
651 2091 812 2200 corpus,
830 2127 936 2200 quam
963 2103 1141 2203 capiebat,
1176 2113 1392 2196 onerassent,
1533 2125 1534 2132 ¹

31 2246 35 2253 ¹
152 2221 274 2286 cetera
299 2211 466 2288 membra
487 2212 641 2288 deficere
667 2224 880 2311 coeperunt:
917 2215 1082 2312 quodque
1112 2215 1299 2313 imperium
1325 2214 1391 2287 sub

120 2342 229 2395 suno
243 2333 340 2398 stare
354 2325 541 2422 potuisset,
568 2323 690 2397 duma
708 2323 869 2421 pluribus
888 2325 1094 2416 sustinetur,
1119 2327 1200 2399 ruit
1240 2323 1393 2399 Proinde
1506 2337 1510 2346 “

154 2433 232 2507 iure
263 2435 463 2531 meritoque
497 2435 654 2534 populus
679 2431 863 2506 Romanus
894 2436 1046 2509 salutem
1065 2461 1116 2508 se
1149 2436 1297 2534 principi
1328 2458 1394 2509 suo

156 2543 287 2619 debere
312 2545 513 2645 profitetur,
539 2546 601 2643 qui
627 2545 753 2635 noctis,
780 2570 887 2642 quam
913 2537 1026 2643 persp
1044 2570 1245 2643 supremam
1272 2547 1393 2621 habui·

125 2675 253 2746 emus,
278 2681 416 2730 novum
442 2656 541 2730 sidus
567 2655 696 2737 illuxit
745 2653 863 2728 Huius
890 2656 1049 2748 hercule,
1074 2681 1147 2729 non
1173 2657 1257 2730 solis
1284 2668 1393 2750 ortuo,

93 2917 95 2922 v
207 2894 272 2945 .21.
298 2909 467 2962 suppressam
484 2894 525 2962 ea]
552 2891 624 2945 Flor.
638 2891 665 2944 A
681 2889 761 2945 Bern.
796 2889 865 2961 typis
884 2889 1073 2945 describendae
1089 2907 1123 2944 ex
1140 2890 1248 2964 reliquis
1266 2908 1325 2945 mes.
1340 2891 1397 2946 edi·

158 2959 183 3014 A
237 2959 273 3013 id.
299 2977 459 3030 suppressae
484 2971 509 3015 et
526 2977 544 3014 a
561 2963 671 3014 Vasal
699 2977 763 3030 eap-
797 2969 852 3012 tum
869 2967 911 3013 eet
927 2961 1059 3030 eolleyere.
1090 2960 1160 3014 Item
1176 2959 1300 3026 mendose
1352 2960 1396 3014 ulo

153 3043 243 3098 presse
269 3037 296 3081 et
309 3037 353 3096 a,
378 3028 450 3082 Flor.
475 3027 527 3082 BD
554 3044 699 3099 stappaeaa
721 3044 762 3096 eo,
846 3034 956 3098 tproeo
969 3029 1220 3100 quodeetqaamea
1243 3029 1306 3082 'etat
1361 3028 1396 3082 'd.

159 3095 279 3150 mendose
297 3113 388 3151 omnes
405 3113 455 3167 pro
532 3097 636 3150 literam
654 3114 680 3148 m
697 3095 764 3150 line·
824 3103 897 3148 osal
917 3094 1077 3150 Pithoeanus
1085 3096 1197 3168 ltacgt
1230 3099 1292 3150 dum
1305 3096 1397 3150 siletur

160 3163 201 3218 cla
216 3171 347 3218 notatam.
383 3164 438 3219 Sed
480 3164 573 3220 lor.G
663 3181 763 3218 restam
797 3165 832 3216 de
859 3164 1048 3233 Bernensibus)
1071 3165 1142 3218 Flor.
1159 3165 1230 3219 ABG
1253 3183 1331 3234 qaam
1352 3181 1396 3218 ea-

161 3234 212 3286 a'as
229 3237 373 3301 auderato,
392 3251 445 3287 non
463 3234 545 3300 male,
564 3232 586 3287 si
603 3233 622 3286 fi
640 3249 685 3287 ere
702 3231 764 3286 lice·
792 3233 912 3302 piabant,
930 3231 1003 3287 Flor.
1015 3233 1056 3286 DI
1074 3235 1144 3304 qraod
1179 3235 1307 3303 apiebaat.
1343 3231 1397 3285 Re-

159 3311 205 3355 ret.
232 3299 288 3355 Sed
305 3302 374 3356 idem
391 3302 462 3356 aolus
475 3319 542 3372 qaae
559 3303 686 3372 agitasset
703 3318 758 3354 rea
793 3301 872 3354 motis
887 3299 928 3378 bia¹
942 3301 1107 3356 librariorum
1120 3300 1398 3372 erroribus‚intellige

160 3371 341 3508 illffpffl'
372 3371 482 3494 lat?
504 3371 759 3492 stacta
793 3368 1093 3509 latebat-itti?
1102 3371 1169 3491 „tt
1190 3369 1398 3508 {ababa

161 3506 185 3560 iu
208 3457 390 3561 terminatiolie
407 3457 509 3561 verbip
526 3509 638 3578 aarum
664 3515 706 3560 eet
731 3505 759 3559 in
794 3505 856 3558 inde
872 3523 930 3559 eum
948 3507 1025 3577 plura
1050 3507 1138 3577 capita
1159 3522 1187 3559 es
1203 3515 1276 3572 sent,
1300 3479 1399 3577 didper-

104 3637 106 3644 ,
162 3575 229 3640 laid.
246 3575 323 3629 Voss.
344 3584 355 3629 l
379 3575 452 3630 Flor.
524 3574 618 3644 c(ex
635 3574 716 3629 Bern.
733 3575 759 3628 Α
793 3573 828 3626 sis
849 3573 966 3641 uiribus,
1000 3575 1065 3628 illud
1089 3593 1170 3628 unum
1210 3575 1345 3646 imperium
1370 3581 1399 3627 et

162 3661 210 3697 non
225 3651 361 3697 euentum
377 3653 432 3712 est,
451 3646 498 3696 aad
516 3643 658 3698 verisimile
675 3651 716 3698 eet
731 3643 759 3695 in
793 3642 960 3696 imminutam
985 3659 1041 3698 esse
1072 3653 1101 3696 et
1126 3643 1246 3697 divisum.
1293 3643 1394 3712 Corpus

164 3712 208 3766 hoe
222 3729 328 3783 quoque
347 3715 424 3781 esse.)
816 3711 881 3764 rimo
903 3711 1001 3765 dicitur
1021 3728 1161 3783 compages
1177 3712 1294 3765 omrdum
1314 3728 1395 3764 mem·

115 3839 118 3845 ,
195 3785 216 3846 5.
242 3787 284 3836 22.
330 3782 417 3835 Melea
436 3799 495 3835 rum
525 3783 629 3834 latiam
661 3781 762 3848 ducein]
797 3729 917 3847 brorum,
940 3797 1008 3852 quae
1026 3796 1141 3834 summae
1158 3779 1196 3832 rei
1217 3780 1336 3852 publicae
1353 3795 1396 3832 rea
1417 3804 1421 3824 τ

165 3847 287 3902 Mninnn
314 3865 373 3902 cum
424 3849 528 3903 erdicca
559 3857 589 3902 et
614 3848 762 3915 Leonnato,
798 3848 925 3919 spondet,
962 3847 1058 3901 deinde
1088 3865 1147 3902 cum
1173 3847 1198 3901 ei
1225 3855 1398 3920 opponuntur

166 3916 203 3988 qui
219 3924 318 3971 tutores
326 3917 474 3972 Alexandri
493 3918 610 3972 nondum
629 3915 685 3969 nati
701 3933 765 3970 eon-
799 3926 883 3969 cetera
900 3917 1278 3988 membraangustioresenau,
1289 3923 1399 3970 utrecte

167 3985 243 4038 stituti
260 3994 337 4039 erant
354 4003 376 4040 e
395 3993 442 4040 88:
461 3989 549 4040 decan
568 3984 650 4056 igitur
667 3984 765 4039 intelli·
798 3984 902 4038 censuit
921 3984 1072 4050 Tcllieriue,
1094 3985 1208 4038 babetur
1225 4003 1273 4056 pro
1291 3993 1399 4048 pectore

167 4054 201 4124 git
214 4054 330 4108 omnium
353 4055 502 4125 copiarum,
526 4053 607 4108 totius
624 4052 763 4107 exereitus.
798 4062 828 4106 ct
844 4061 946 4120 ventre,
964 4054 1019 4107 sive
1036 4053 1163 4126 separetis
1177 4053 1299 4108 membris
1312 4063 1399 4107 extre·

197 4122 311 4194 Captss,
331 4125 354 4190 ξ.
370 4129 395 4176 2.
431 4125 556 4192 colleqere
573 4124 653 4190 vires]
689 4122 764 4175 Leid.
799 4122 857 4188 mis,
875 4140 925 4192 pro
944 4130 1038 4176 trunco
1055 4123 1180 4194 corporis.

168 4189 396 4244 Voss.1Bcrn.A
413 4209 453 4272 pr.
467 4209 501 4244 m.
525 4192 568 4258 (su
632 4207 669 4244 cr.
692 4193 764 4244 colli·
852 4199 891 4246 .³.
944 4193 973 4243 ui
989 4193 1072 4245 noctis
1091 4223 1125 4232 -·-
1142 4209 1234 4245 novam
1248 4193 1321 4245 sidae
1337 4193 1397 4245 illa-

169 4259 764 4382 {snlffifr'f}ffi'ffif“⁰‘·m⁰m,‘³¹¹i⁰uq¹¹²²⁰'
799 4260 838 4312 ait
872 4327 894 4380 't
937 4259 969 4312 iti
995 4263 1037 4341 cai
1061 4263 1142 4340 noctes
1176 4260 1247 4330 quod
1272 4259 1396 4378 explipari

170 4343 266 4476 lli}
284 4343 675 4477 atla,'illata-³022.
689 4345 765 4477 ”isai
800 4343 994 4477 altat?
1017 4345 1397 4470 latablata?

170 4473 230 4520 recte
252 4465 315 4520 rade
338 4483 354 4520 a
378 4465 508 4538 principio
535 4464 613 4520 huius
639 4465 766 4522 hetonae
800 4481 855 4520 ene
870 4465 1048 4538 redpiendum
1072 4465 1160 4538 potius
1177 4483 1211 4521 ex
1228 4465 1299 4520 Flor.
1313 4465 1397 4534 ΕΒΗ,
