3324 5054
551 339 602 390 ns
629 339 755 391 ersus
787 337 896 387 sarx.
923 337 973 408 1v,
1002 339 1043 389 tr.
1372 321 1420 392 85

142 519 446 616 ropportunitate
491 519 647 595 dimissa
714 517 882 592 ceterum
927 531 1002 591 tam
1048 519 1231 594 discedere
1271 523 1420 612 initum,

174 651 284 724 quam
314 633 449 704 morari
482 631 662 729 pudebat;
705 631 838 702 famam
870 653 1032 726 quoque,
1073 654 1146 727 qua
1176 632 1282 726 plura
1312 659 1421 730 quam

155 740 283 812 ¹armis
311 752 512 829 everterat,
539 751 640 812 ratus
665 739 836 814 leviorem
863 741 959 832 lore,
994 743 1025 813 si
1051 739 1207 840 Tyrum,
1244 745 1344 836 quasi
1372 756 1422 816 te·

173 862 267 925 stem
293 877 333 926 se
359 857 467 949 posse
493 850 597 941 vinci,
624 851 833 948 reliquisset.
869 851 982 948 lgitur
1008 876 1054 924 ne
1080 851 1167 947 quid
1193 853 1422 949 inexpertum

172 963 367 1047 omitteret,
393 961 515 1056 plures
541 987 654 1036 naves
676 960 861 1034 admoveri
887 963 996 1050 iubet,
1023 961 1251 1057 delectosque
1270 964 1422 1035 militum

140 1071 318 1167 simponi.
355 1069 402 1143 Et
427 1072 521 1146 forte
548 1073 656 1146 belua
680 1071 871 1145 inusitatae
898 1070 1163 1168 magnitudinis,
1190 1097 1298 1169 super
1324 1075 1422 1170 ipsos

171 1179 305 1251 fluctus
340 1179 450 1254 dorso
483 1183 661 1271 eminens,
697 1179 744 1254 ad
775 1181 922 1271 molem,
958 1207 1066 1279 quam
1091 1181 1306 1256 Macedones
1333 1185 1422 1257 iece-

172 1301 267 1380 rant,
291 1291 419 1390 ingens
446 1317 578 1390 corpus
603 1292 783 1389 applicuit,
811 1290 1118 1389 diverberatisque
1143 1292 1311 1367 fluctibus
1338 1295 1421 1367 sllea

171 1425 264 1476 vaus
291 1413 416 1492 semet,
444 1403 626 1500 utrimque
652 1413 844 1502 conspecta
870 1415 943 1476 est:
970 1401 1148 1476 deinde'a
1174 1406 1290 1502 capite
1316 1406 1420 1479 molis

138 1535 297 1585 erursus
331 1514 404 1584 alto
440 1535 480 1584 se
514 1513 703 1604 immersit,
745 1539 787 1586 ac
821 1512 930 1586 modo
969 1537 1077 1610 super
1109 1512 1224 1587 undas
1259 1516 1420 1589 eminens

169 1645 306 1718 magna
332 1622 387 1694 sui
413 1633 535 1721 parte,
569 1623 676 1697 modo
709 1625 904 1723 superfusis
929 1624 1097 1699 fluctibus
1124 1623 1284 1716 condita,
1320 1625 1420 1699 haud

170 1732 298 1828 procul
333 1734 564 1807 munimentis
598 1735 696 1808 urbis
722 1736 875 1809 emersit.
929 1733 1098 1831 Utrisque
1124 1737 1240 1808 laetus
1266 1735 1334 1808 firit
1358 1736 1420 1809 be·

137 1842 252 1915 eluse
287 1855 475 1941 aspectus:
515 1843 732 1920 Macedones
766 1847 834 1921 iter
867 1844 1029 1920 iaciendo
1062 1845 1164 1944 operi
1188 1856 1418 1920 monstrasse

167 1954 462 2052 augurabantur,
497 1953 596 2054 Tyrii
631 1955 855 2056 Neptunum,
890 1957 1054 2055 occupati
1088 1957 1197 2030 maris
1229 1954 1417 2048 vindicem,

166 2063 370 2162 abripuisse
418 2066 581 2158 beluam,
631 2093 673 2140 ac
712 2071 843 2142 molem
889 2067 993 2141 brevi
1030 2067 1191 2164 profecto
1231 2067 1416 2140 ruituram.

165 2171 343 2271 Laetique
369 2176 489 2249 omine
515 2203 558 2250 eo
584 2176 633 2249 ad
658 2179 781 2275 epulas
808 2177 934 2274 dilapsi
960 2199 1156 2250 oneravere
1170 2178 1317 2267 sevino,
1344 2203 1416 2275 quo

91 2306 96 2313 ·
164 2309 299 2382 graves
326 2297 407 2360 orto
434 2289 511 2360 sole
535 2288 681 2386 navigia
706 2285 969 2377 conscendunt,
994 2285 1160 2360 redimita
1184 2286 1332 2360 floribus
1358 2313 1416 2360 co·

164 2397 353 2494 ronisque:
379 2395 473 2470 adeo
499 2399 670 2471 victoriae
696 2423 769 2472 non
796 2423 901 2470 omen
927 2397 1047 2488 modo,
1074 2397 1139 2472 sed
1165 2397 1273 2468 etiam
1294 2407 1414 2494 gratu·

162 2507 337 2580 lationem
363 2519 632 2606 praeceperant.

131 2643 145 2690 s
270 2615 379 2691 Forte
412 2642 481 2691 rex
512 2620 663 2692 classem
696 2620 733 2691 in
767 2617 945 2692 diversam
981 2629 1120 2716 partem
1155 2620 1213 2716 agi
1247 2620 1462 2710 iusserat,18

162 2727 315 2826 triginta
339 2730 538 2804 minoribus
565 2730 716 2826 navigiis
742 2729 874 2802 relictis
900 2729 936 2800 in
963 2730 1081 2802 litore:
1109 2753 1130 2802 e
1156 2730 1286 2825 quibus
1312 2729 1413 2828 Tyrii

161 2837 308 2912 duobus
335 2841 466 2938 captis,
494 2851 614 2914 cetera
638 2841 774 2936 ingenti
800 2849 1007 2914 tenuerunt
1031 2850 1147 2929 metu,
1172 2838 1304 2931 donec,
1331 2864 1411 2913 suo·

160 2974 243 3021 rum
273 2951 428 3024 clamore
456 2949 599 3042 audito,
639 2948 846 3024 Alexander
872 2951 1023 3022 classem
1047 2949 1161 3040 litori,
1198 2977 1317 3048 aquo
1344 2953 1411 3025 fre·

193 3169 217 3232 §-
237 3172 264 3220 ³.
283 3165 358 3219 belua
377 3165 404 3219 in
423 3166 530 3237 optimis
548 3165 621 3220 libris
631 3185 690 3220 mss.
708 3167 770 3220 seri-
806 3163 889 3219 δυοῖν
906 3166 1020 3237 licetque
1039 3167 1411 3235 floresetcoronse,ooronae

159 3233 235 3286 bitur
252 3232 366 3304 simplici
383 3237 403 3300 l,
446 3235 499 3288 uod
522 3235 564 3287 vel
582 3252 640 3288 eam
658 3236 692 3288 ob
710 3253 771 3288 cau-
804 3243 832 3288 et
853 3235 930 3288 flores
956 3253 1005 3305 pro
1028 3237 1131 3290 emonis
1145 3237 1257 3305 Jtorum.
1292 3236 1351 3306 Sed,
1370 3235 1411 3290 uti

158 3318 213 3354 nm
237 3303 324 3372 probo
341 3303 423 3382 quis·
454 3320 514 3356 arro
531 3321 573 3373 sp.
591 3303 709 3383 Noniprn
727 3318 772 3367 111,
805 3321 874 3383 nunc
892 3304 916 3356 b
935 3303 952 3356 l
970 3303 1007 3357 sic
1023 3303 1088 3356 item
1106 3303 1215 3358 Curtius
1232 3319 1261 3372 v,
1279 3311 1304 3358 s.
1322 3319 1362 3372 rx,
1375 3312 1409 3358 42

159 3376 382 3494 {grimolffi
396 3369 772 3510 ‹ilpo'dslellbiinlhgdnmibillaqiiil
806 3372 905 3510 ὴηῗῖιρ.
916 3447 958 3506 18,
976 3445 1001 3506 S.
1014 3447 1038 3494 6.
1056 3442 1156 3510 inqeati
1173 3442 1408 3522 terrueruutmetu]

159 3505 548 3655 &ttgf'apnqpumepqu
567 3574 771 3655 Sententisnop
805 3507 924 3629 ci’oeempqm
950 3508 1409 3656 odiioeeiiuiliololirlgdlliimrdeidiil,

157 3651 294 3724 mutsmr,
312 3659 367 3697 sive
466 3650 523 3724 tum
541 3647 689 3723 empsisse
707 3653 770 3698 retr·
802 3645 875 3765 quod
894 3661 947 3698 nou
964 3653 1005 3698 est
1027 3644 1074 3698 nist
1093 3645 1121 3698 in
1138 3643 1250 3699 Flor.L
1280 3647 1408 3700 Termera

157 3727 217 3777 nes,
251 3728 309 3764 stre
339 3727 408 3782 quse
443 3721 514 3766 ectio
540 3722 582 3766 est
608 3721 767 3783 optimorum
827 3729 881 3765 ern.
900 3713 924 3766 B
942 3712 1014 3766 Flor.
1031 3713 1092 3766 ΕΗ,

157 3779 234 3832 codd
259 3779 343 3833 Ber-n.
364 3786 388 3832 A
413 3779 489 3834 Leid.
512 3779 589 3834 Voss.
613 3788 625 3834 1
652 3779 723 3834 Flor.
741 3783 767 3834 A
835 3799 852 3834 α
871 3798 920 3850 quo
935 3783 1064 3850 fremitus
1086 3783 1220 3835 accideret
1239 3813 1273 3860 Τ
1285 3782 1408 3861 primae

61 3871 66 3880 ·
158 3851 310 3918 (praeterea
327 3847 600 3919 semermes)
618 3847 767 3918 strepuisse
801 3849 874 3902 Mac.
901 3851 1022 3918 mribus]
1054 3849 1145 3920 Vulgo
1166 3857 1276 3902 mutatu
1302 3849 1408 3904 sedibus

158 3916 277 3986 corrigis.
295 3915 368 3971 Flor.
387 3916 411 3968 B
430 3918 568 3996 empsisse.
592 3915 688 3997 ‘Psulq
706 3924 767 3988 post
801 3917 1007 3987 praepositiones
1035 3917 1126 3998 iniquo
1157 3917 1215 3970 loco
1242 3917 1343 3996 positqe
1368 3915 1407 3997 le:

157 3986 319 4106 tl...'“t²‘tt
342 3983 767 4108 ‘ttftlttlltuttltt
800 3985 1406 4108 tttttzttttttttt‘tttmtts‘tfflli

157 4120 229 4174 rur.
252 4121 277 4174 s
300 4093 342 4174 αἱ.
393 4121 439 4175 su
466 4120 546 4175 susm
572 4121 638 4174 este
663 4121 766 4175 tunes
801 4121 849 4174 sus
872 4139 939 4174 unu
967 4130 1072 4175 aarum
1094 4121 1166 4176 rur.
1190 4119 1223 4174 s.
1250 4093 1310 4174 sul
1333 4073 1404 4175 vlt,

158 4189 283 4260 principe,
302 4208 320 4242 s
356 4189 435 4244 uibus
452 4207 506 4244 non
523 4190 636 4244 discedo.
800 4189 945 4256 consentit,
973 4190 1073 4260 aliquot
1099 4199 1189 4242 tamen
1217 4189 1301 4254 (Flor.
1329 4189 1356 4242 D
1391 4189 1405 4242 1

191 4262 217 4323 5.
234 4265 260 4312 ὅ.
276 4259 346 4328 flori
419 4260 584 4330 coronisque]
615 4257 660 4312 Sic
676 4274 766 4312 omnes
798 4274 858 4311 curn
876 4257 932 4310 Pal.
953 4262 980 4328 t)
998 4276 1046 4328 pro
1058 4259 1176 4328 pernae
1193 4257 1293 4312 habent
1304 4261 1402 4326 primo.

158 4325 218 4380 libri
244 4327 327 4382 nostri
344 4335 375 4380 et
392 4325 477 4379 Snek.
498 4345 547 4397 pro
568 4327 641 4397 vulg.
662 4329 765 4382 coronis
800 4325 854 4379 Sed
883 4326 892 4378 l
928 4325 981 4380 'tur
1007 4336 1144 4396 praeterea
1170 4326 1198 4379 in
1226 4326 1310 4380 tribus
1332 4325 1404 4380 Flor.

117 4449 120 4455 ,
157 4395 325 4466 floribusque.
371 4394 423 4448 Est
453 4394 518 4449 haee
543 4395 629 4465 figura
659 4400 691 4448 ἓν
718 4391 764 4447 διὰ
799 4393 873 4450 ABG
922 4411 978 4448 ern.
1004 4395 1030 4448 A
1050 4393 1125 4448 Lcid.
1149 4395 1227 4452 Voss.
1245 4403 1255 4448 t
1275 4396 1404 4464 fremitus
