3302 5052
567 343 618 395 nn
645 345 773 398 aasrrs
799 349 910 398 anax.
938 347 987 398 1v.
1015 345 1056 392 ss.
1366 325 1437 394 lll

140 539 173 588 ra
295 518 542 621 Amphoterus
569 526 714 615 deinde,
747 527 870 598 classis
897 528 1120 623 praefectus,
1147 525 1194 598 ad
1219 525 1440 600 liberandam

192 628 339 706 Cretam
370 637 521 725 missus,
557 638 727 738 (namque
753 647 791 709 et
816 634 1011 709 Persarum
1038 646 1075 708 et
1101 631 1360 733 Spartanorum
1385 662 1439 710 ar·

191 743 259 816 mis
289 746 461 842 pleraque
497 747 571 817 eius
598 746 736 818 insulae
766 745 1052 842 obsidebantur,)
1084 758 1169 820 ante
1195 745 1314 819 omnia
1340 771 1439 818 marc
1508 839 1517 848 ἒ

192 879 215 928 a
240 855 398 952 piraticis
427 853 599 927 classibus
627 855 808 930 vindicare
834 859 974 930 iussus:
1003 859 1133 954 quippe
1153 854 1349 930 obnoxium
1362 865 1440 927 erat

141 983 174 1032 ro
192 962 447 1064 praedonibus,
474 964 510 1036 in
537 966 670 1040 bellum
696 979 850 1062 utroque
876 992 962 1062 rege
989 990 1173 1039 converso.
1204 965 1270 1036 His
1298 990 1440 1063 compo·

194 1077 287 1162 sitis,
313 1071 460 1146 Herculi
487 1073 597 1174 Tyrio
630 1103 678 1149 ex
703 1102 791 1150 auro
818 1088 997 1150 crateram
1023 1101 1105 1150 cum
1130 1076 1277 1172 triginta
1304 1077 1439 1172 peteris

192 1183 343 1256 dicavit:
371 1182 630 1282 imminensque
655 1184 786 1276 Dareo,
812 1185 861 1259 ad
886 1185 1097 1284 Euphraten
1122 1187 1191 1259 iter
1215 1186 1439 1282 pronuntiari

193 1294 307 1370 iussit

137 1423 185 1472 rx.
296 1408 350 1482 At
379 1406 537 1492 Dareus,
575 1427 657 1476 curn
682 1404 853 1504 Aegypto
889 1405 1089 1480 devertisse
1123 1409 1160 1480 in
1185 1406 1345 1478 Africam
1378 1407 1490 1480 host

194 1529 287 1592 stem
304 1516 549 1613 comperisset,
576 1512 817 1605 dubitaverat,
844 1527 1013 1590 utrumne
1036 1519 1130 1592 circa
1141 1518 1439 1621 Mesopotamiam

194 1630 424 1716 subsisteret,
450 1651 498 1699 an
523 1625 695 1698 interiore
719 1628 822 1722 regni
849 1629 904 1698 sui
930 1639 1090 1724 peteret,
1117 1630 1215 1704 haud
1241 1629 1350 1705 dubie
1377 1653 1439 1725 po·

194 1738 328 1811 tentior
361 1748 489 1812 auctor
522 1761 693 1834 praesens
717 1737 871 1838 “futurus
915 1739 1050 1812 ultimis
1087 1742 1253 1836 gentibus
1289 1740 1440 1836 impigre

195 1846 330 1921 bellum
361 1845 590 1946 capessendi,
622 1871 712 1943 quas
744 1872 852 1944 aegre
887 1871 952 1946 per
977 1849 1177 1944 praefectos
1204 1875 1290 1926 suos
1316 1849 1438 1924 molie-
1555 1909 1558 1913 ,

99 2051 101 2056 Ι
158 1958 313 2032 abatur.
367 1957 441 2033 Sed
475 1968 518 2032 ut
551 1957 689 2032 idoneis
716 1959 923 2032 auctoribus
949 1959 1046 2032 farne
1071 1961 1249 2058 vulgant,
1281 1961 1438 2034 Alexan·

195 2068 301 2142 drum
327 2095 409 2144 curn
435 2070 602 2142 omnibus
628 2069 757 2166 oopiis,
790 2093 1040 2168 quamcunque
1065 2071 1143 2169 ipse
1170 2072 1304 2146 adisset
1328 2070 1441 2168 regio·

196 2203 289 2268 nem,
315 2180 529 2277 petiturum:
557 2178 656 2253 haud
678 2180 833 2276 ignarus,
861 2203 971 2277 quam
988 2205 1070 2254 cum
1090 2193 1237 2258 strenuo
1254 2207 1314 2257 res
1336 2191 1442 2269 esset,

232 2399 316 2461 §.lt
352 2406 376 2450 et
393 2395 538 2450 Personam
561 2406 585 2450 et
609 2397 801 2466 Spartanorum
839 2394 915 2450 Leid.
936 2398 1013 2450 Voss.
1033 2405 1056 2449 1.
1078 2403 1094 2450 2
1117 2397 1242 2452 dicuutur
1263 2386 1442 2469 habere'pro·

196 2464 292 2534 armis]
332 2464 472 2518 Edebatur
492 2466 687 2585 etogiratmum
708 2465 802 2531 annis,
837 2465 958 2516 nuntiari
975 2465 1025 2516 iter
1042 2467 1080 2518 ad
1088 2466 1189 2536 Euplr.
1208 2468 1278 2537 quod
1296 2467 1324 2519 in
1339 2473 1442 2520 nostro·

196 2531 244 2584 sed
260 2542 336 2586 recte
356 2531 385 2585 in
406 2532 492 2586 altere
548 2532 630 2586 'done
652 2532 803 2585 emendarit
837 2549 896 2584 rum
912 2531 1164 2600 quidemnulloest.
1184 2533 1443 2604 CeterumErplrra·

196 2599 404 2667 Freinshemius,
433 2599 532 2654 collato
557 2601 615 2654 loeo
638 2615 684 2666 ru,
712 2607 727 2654 t
756 2600 803 2653 ubi
837 2609 880 2652 ten
898 2597 1004 2652 Graece
1024 2601 1208 2656 tennimtione
1229 2601 1310 2656 Bern.
1326 2604 1354 2656 A
1370 2601 1443 2656 Flor.

197 2669 305 2722 uadem
324 2668 380 2722 iere
397 2668 516 2722 codicum
534 2668 715 2722 aberrationes
734 2683 803 2738 quae
837 2665 910 2720 rtssl.

196 2736 249 2790 boc
275 2737 332 2791 looo
358 2735 536 2790 inveniuntur.
576 2736 709 2790 Nimirum
734 2735 803 2790 inte-
873 2735 940 2805 Cap.
957 2743 1003 2802 tt,
1020 2739 1047 2802 s.
1064 2745 1087 2790 1.
1123 2739 1239 2807 Aepypta
1257 2740 1397 2792 drantius
1414 2739 1443 2790 in

260 2804 305 2858 'mi
336 2804 401 2858 alias
430 2805 507 2859 codd.
538 2805 734 2858 Portlanorurn
760 2803 803 2857 vel
839 2805 901 2924 yn
919 2805 1017 2858 hostem
1034 2804 1129 2874 optimi
1146 2807 1220 2860 codd.
1237 2805 1299 2872 mei,
1316 2805 1361 2858 alii
1370 2805 1443 2858 Flor.

197 2821 372 2940 morteri,
393 2881 423 2926 et
439 2873 491 2926 hoc
507 2873 593 2944 ipsum
613 2873 721 2926 fuerunt
738 2890 803 2926 non·
858 2873 992 2937 inertiam,
1026 2872 1114 2926 nullus
1144 2881 1233 2926 tamen
1264 2874 1336 2944 quod
1362 2873 1444 2943 vulgo

197 2940 392 3061 nffiulrfflum
409 2941 529 3024 nomino)
548 2941 595 3010 qui
612 2942 731 2994 ederent.
748 2940 804 2994 Sed
838 2939 928 2992 editur
945 2943 979 2994 ab
993 2942 1110 3010 Aepypta
1127 2957 1214 3022 neque
1230 2941 1258 2994 in
1275 2940 1445 2995 eddrtldine

197 3009 226 3062 in
247 3027 265 3061 n
303 3026 322 3062 o
344 3008 436 3063 codiee
456 3010 611 3078 piratarum
637 3009 750 3078 legitur,
776 3009 805 3062 in
838 3006 1033 3077 antiquioribus
1041 3009 1201 3080 praeposito
1209 3018 1355 3080 comparet
1368 3008 1444 3074 *Qua

197 3075 288 3130 multis
310 3085 400 3130 autern
420 3084 450 3130 ct
471 3075 544 3130 Flor.
564 3077 670 3146 quidem
688 3074 805 3131 DEFGl
839 3085 953 3146 propter
984 3075 1041 3129 iure
1071 3077 1105 3130 sb
1136 3077 1327 3148 interpolatore
1351 3077 1444 3130 addita

199 3146 393 3214 Spartanorum
414 3145 470 3198 sive
497 3146 715 3214 Sparttanorum.
749 3149 805 3198 Ita·
839 3143 1008 3212 censebitur,
1031 3153 1162 3198 terrenam
1188 3145 1294 3200 nomina
1319 3161 1396 3215 saepe
1412 3153 1445 3197 ut

198 3231 251 3334 que
268 3212 486 3283 snakenburgiue
502 3230 558 3266 aon
574 3213 689 3267 debebat
710 3222 807 3266 contra
840 3211 945 3264 urbium
963 3211 1080 3282 oonstnri
1097 3213 1243 3274 nesciente.
1264 3214 1336 3294 quod
1353 3213 1445 3284 impri-

223 3279 371 3334 reinslremii
386 3291 510 3334 mentem
527 3281 562 3334 sd
578 3291 696 3335 veterem
714 3280 806 3334 lectio-
840 3279 889 3333 mis
907 3279 1030 3350 frequens
1045 3280 1199 3352 insepypri
1212 3299 1325 3348 nourrne,
1344 3281 1445 3352 quippe

198 3365 261 3404 nem
281 3349 376 3402 redire.
420 3349 463 3404 cf.
494 3349 575 3403 etiam
601 3349 806 3420 Wesselingium
841 3346 960 3402 Graecae
977 3349 1050 3402 urbis
1067 3349 1152 3404 simili.
1187 3350 1231 3404 Sic
1248 3350 1306 3408 Liv.
1323 3364 1391 3416 xnv,
1412 3355 1444 3404 10

199 3418 235 3470 ad
252 3416 331 3471 Diod.
348 3431 429 3483 ΠΗ,
446 3426 489 3471 48,
840 3418 969 3486 arripare
987 3419 1179 3487 Aepyptum,
1198 3419 1256 3472 vat
1274 3415 1347 3471 Max.
1366 3431 1408 3484 ru,
1429 3425 1441 3470 1

234 3487 265 3539 in
281 3487 374 3539 tellina
391 3496 499 3565 utroque
515 3503 576 3556 repe
593 3487 728 3606 aonuarpp
759 3485 806 3539 Sic
842 3491 874 3537 15
897 3487 963 3538 duos
985 3489 1106 3555 epreqiea
1132 3489 1229 3540 indolis
1241 3488 1317 3554 filias
1341 3503 1402 3540 auos
1425 3503 1444 3538 a

199 3553 276 3608 codd
294 3552 410 3624 alioquin
425 3571 512 3606 mraas
528 3553 606 3624 probi
619 3554 691 3608 Flor.
728 3551 805 3619 FGI;
844 3552 1007 3606 Gabinianis
1028 3556 1155 3609 militibus
1177 3555 1320 3624 Aepypti
1345 3555 1444 3607 occisor

199 3621 293 3686 alteri,
309 3621 391 3675 etiam
408 3621 454 3692 qui
470 3621 564 3702 optimi
581 3621 638 3675 iure
655 3630 805 3688 censentur,
841 3638 898 3674 erse
915 3623 1042 3690 rapuerit,
1062 3621 1121 3674 Tac
1146 3625 1216 3676 Arra.
1226 3637 1260 3689 11,
1279 3629 1311 3676 69
1333 3622 1445 3676 Germa·

200 3697 229 3742 et
245 3689 305 3743 edd.
323 3689 422 3742 Aldina
438 3690 601 3760 antiquiores
627 3691 692 3743 bello
713 3693 806 3744 utrim-
840 3690 916 3741 niara
945 3691 1095 3759 Aepypta
1121 3709 1247 3744 remeans.
1296 3690 1336 3744 cf.
1363 3689 1444 3742 etiarn

200 3775 248 3828 que
271 3756 355 3826 (Flor.
382 3757 458 3812 osu
485 3761 631 3828 utrunque)
665 3761 694 3810 in
719 3775 806 3828 repam
840 3773 922 3827 supra
939 3759 973 3810 ed
990 3774 1015 3810 c.
1034 3765 1065 3812 12
1083 3767 1152 3812 extr.
1170 3769 1198 3813 et
1215 3759 1339 3824 adctt,
1351 3765 1374 3812 1.
1392 3757 1446 3812 ee-

200 3843 322 3879 coaaerso
340 3825 482 3891 exhibent,
519 3826 573 3879 uod
590 3843 728 3880 sensuma
749 3836 806 3880 turn
840 3833 928 3877 terum
954 3827 1094 3880 devertisse
1120 3844 1153 3880 ex
1179 3827 1255 3881 oodd.
1275 3826 1383 3907 optimis
1412 3843 1445 3878 eo

200 3893 308 3965 quidem
316 3895 499 3965 oonpreebet.
534 3894 599 3947 imul
610 3911 645 3947 ex
660 3894 712 3948 illis
726 3845 806 3958 libris,
841 3891 927 3946 tatius
943 3895 1075 3946 edendum
1092 3904 1160 3962 erat,
1178 3895 1249 3966 quod
1266 3895 1330 3948 alrbi
1346 3893 1444 3946 librarii

199 3979 265 4034 qnos
283 3963 331 4017 bec
349 3962 377 4016 ia
393 3979 424 4016 re
440 3970 548 4016 secutus
570 3980 641 4029 eum,
664 3963 725 4015 dedi
748 3973 806 4016 erat
840 3961 926 4016 multo
1005 3962 1027 4016 is
1050 3962 1079 4016 in
1100 3963 1210 4018 alteram
1233 3963 1344 4016 formam
1365 3961 1446 4014 decli-

193 4032 376 4100 praedonibua
400 4045 527 4084 converso
547 4031 688 4084 rerbonrnr
705 4031 806 4084 ordine.
843 4037 917 4082 narrt
946 4030 981 4084 vi
999 4047 1015 4082 e
1032 4032 1066 4084 ad
1083 4045 1123 4098 ῐν,
1143 4039 1173 4085 tt
1192 4030 1272 4084 etad
1287 4045 1318 4097 x,
1338 4037 1369 4084 19
1387 4029 1444 4082 init.
1550 4071 1552 4077 ,

233 4101 258 4167 ξ.
277 4105 317 4152 162
335 4102 374 4152 ad
380 4099 536 4168 Euphraten
548 4100 598 4152 iter
607 4117 686 4168 pron.
719 4098 808 4169 Vulgo
878 4100 902 4166 ξ.
923 4103 948 4151 2.
984 4115 1060 4168 quarn
1086 4117 1144 4152 cunr
1170 4111 1275 4152 strenuo
1300 4099 1443 4168 recesset]

199 4166 252 4220 alio
268 4183 318 4220 nec
335 4167 467 4221 deteriore
485 4167 662 4221 verboruma
705 4183 738 4220 ne
757 4169 808 4220 iter
841 4166 1006 4218 Advertium
1018 4185 1095 4236 quam
1110 4167 1143 4221 ab
1157 4166 1346 4222 adiectivosuo
1359 4183 1445 4219 remo·

200 4238 239 4288 ati
250 4236 415 4304 Euphraten,
428 4237 475 4288 sed
485 4235 662 4288 obediendum
675 4243 717 4288 est
730 4235 807 4288 codd.
841 4243 914 4299 tum,
936 4251 1096 4304 quamquam
1114 4237 1184 4288 haud
1201 4253 1288 4289 rerum
1305 4243 1347 4288 est
1363 4243 1445 4304 atque

200 4303 278 4356 Rern.
296 4306 323 4356 Δ
340 4301 412 4356 Flos.
431 4302 609 4370 nausson
632 4303 745 4357 Elone
770 4306 809 4356 ad
841 4301 920 4371 plura
936 4303 1016 4355 etiam
1035 4303 1242 4369 interiiciuntur,
1268 4302 1387 4356 contudit
1404 4312 1445 4354 ta-

199 4371 539 4440 Euplrratempronrmtiari
552 4374 610 4438 iter,
621 4372 716 4426 chm
725 4371 807 4426 Bern.
841 4386 902 4422 men
922 4370 1056 4439 librariam
1073 4372 1149 4426 multi
1167 4374 1236 4426 enirn
1250 4371 1351 4424 codices
1360 4369 1444 4435 (Flor.

200 4438 224 4491 B
242 4443 280 4493 aa
293 4441 434 4510 Erp‘ratenr
448 4442 628 4508 pronunciare
646 4443 696 4494 iter
713 4442 807 4508 iussin
841 4437 946 4508 DFGl)
964 4452 1089 4509 quantam
1106 4444 1237 4494 strenuior
1253 4450 1319 4493 erret
1336 4439 1446 4504 habent,
