3324 5054
533 314 585 366 nr.
611 315 738 370 ccsrrs
765 316 875 370 mx.
908 318 958 388 rv,
987 317 1029 370 n.
1364 303 1413 374 77

120 495 243 565 msere
280 492 515 589 interficiunt,
549 498 778 596 paucioribm
811 499 936 594 ceptis.
988 499 1043 572 Ea
1072 525 1131 574 res
1162 503 1440 580 Alexandrumr

169 602 332 676 dividere
357 608 481 704 copias
508 609 643 704 coegit:
669 615 779 682 etna
806 608 965 706 segniter
990 607 1149 684 assidere
1174 615 1235 684 uni
1255 615 1335 688 urbi
1361 617 1412 690 vi·
1439 634 1442 642 ·

168 711 332 804 deretur,
366 718 469 814 operi
502 714 699 790 Perdiccan
726 715 970 818 Crateronque
1004 721 1187 818 praefecit,
1221 721 1298 819 ipse
1329 749 1412 798 cum

168 825 340 923 expedita
365 849 476 925 manu
500 824 674 900 Arabiam
699 830 812 926 petiit

135 957 151 1006 r
273 935 373 1008 Inter
411 933 502 1008 haec
539 933 638 1035 Tyn'i
677 963 808 1012 navem
846 938 1091 1036 magnitudine
1130 941 1275 1032 eximia,
1314 943 1461 1022 saxislt

168 1067 352 1138 arenaque
378 1065 401 1114 a
426 1047 539 1144 puppi
565 1061 760 1138 oneratam,
778 1049 830 1120 ita
854 1059 896 1120 ut
920 1050 1073 1122 multum
1098 1073 1205 1147 prora
1230 1051 1411 1142 emineret,

168 1151 347 1225 bitumine
378 1178 422 1228 ao
453 1157 628 1254 sulphure
660 1157 786 1230 illitam
811 1157 918 1232 remis
944 1160 1228 1232 concitavenmt:
1267 1173 1412 1236 etcum

167 1287 341 1360 magnam
371 1264 447 1336 vim
478 1266 578 1338 venti
605 1267 688 1340 vela
713 1293 855 1364 quoque
882 1269 1146 1366 concepissent,
1177 1270 1338 1344 celeriter
1362 1271 1412 1346 ad

135 1373 303 1448 tmolem
330 1375 518 1446 successit:
545 1387 625 1448 tum
649 1401 759 1475 prora
784 1378 861 1450 eius
887 1401 1046 1468 accensa,
1065 1379 1217 1478 remiges
1236 1379 1411 1456 desiluere

168 1483 206 1556 in
240 1482 412 1579 scaphas,
452 1509 546 1581 quae
576 1485 625 1558 ad
656 1487 726 1560 hoo
756 1487 876 1584 ipsum
901 1498 1135 1586 praeparatae
1160 1489 1411 1586 sequebantur.

167 1591 282 1665 Navis
314 1601 438 1666 autem
469 1595 554 1693 igne
585 1606 761 1693 concepto
793 1599 899 1672 latius
931 1598 1081 1672 firndere
1106 1599 1308 1673 incendium
1333 1625 1412 1676 coe·

168 1703 232 1798 pit,
260 1705 369 1800 quod,
395 1706 606 1804 priusquam
631 1717 757 1806 posset
780 1709 928 1798 occurri,
954 1719 1072 1783 turres
1098 1720 1136 1782 et
1160 1721 1279 1784 cetera
1302 1735 1414 1808 opera

135 1813 208 1885 tin
243 1820 362 1916 capite
395 1819 500 1890 molis
532 1816 654 1916 posita
687 1817 965 1916 comprehendit
1018 1815 1071 1892 At
1104 1819 1164 1917 qui
1195 1819 1413 1895 desiluerant

168 1925 206 1998 in
232 1953 349 2026 parva
374 1929 530 2028 navigia,
543 1927 650 2018 faces,
664 1940 703 2002 et
729 1927 896 2026 quicquid
920 1928 1050 2002 alendo
1075 1929 1148 2028 igni
1174 1942 1298 2028 aptum
1323 1942 1411 2023 erat,
1443 1941 1451 1952 ’

168 2036 207 2110 in
239 2038 369 2114 eadem
399 2063 512 2138 opera
535 2037 715 2136 ingerunt
767 2037 913 2136 Iamque
943 2063 1018 2111 non
1042 2039 1151 2112 modo
1176 2038 1413 2116 Macedonum
1551 2041 1554 2051 '

170 2155 302 2238 turres,
330 2147 398 2222 sed
424 2148 533 2222 etiarn
559 2171 701 2221 summa
726 2147 890 2221 tabulata
915 2161 1155 2248 conceperant
1171 2151 1305 2250 ignem:
1331 2175 1413 2224 cum
1532 2223 1537 2232 ,

169 2255 219 2347 bi,
246 2259 308 2354 qui
333 2259 371 2332 in
397 2259 557 2334 turribus
583 2270 697 2349 erant,
723 2259 855 2357 partim
879 2258 1108 2334 haurirentur
1132 2260 1305 2350 inccndio,
1333 2285 1411 2357 par·

136 2367 236 2439 ⁵tim
262 2371 372 2444 armis
399 2368 550 2458 omissis,
576 2369 615 2440 in
639 2391 738 2441 mare
763 2379 877 2443 semet
903 2370 971 2467 ipsi
997 2370 1237 2443 immitterent.
1275 2368 1328 2442 At
1341 2368 1412 2469 Ty-

168 2477 229 2567 rii,
265 2481 327 2576 qui
364 2505 493 2582 capere
528 2505 606 2568 eos,
645 2503 753 2576 quam
783 2479 983 2553 interficere
1014 2479 1176 2569 mallent,
1210 2479 1412 2553 natantium

169 2612 299 2664 manus
333 2593 515 2692 stipitibus
551 2589 719 2688 saxisque
751 2587 976 2678 lacerabant,
1011 2587 1125 2662 donec
1151 2587 1323 2663 debilitati
1347 2590 1411 2662 im-

137 2713 266 2794 epune
301 2704 454 2803 navigiis
491 2700 608 2798 excipi
649 2709 806 2797 possent.
871 2697 946 2772 Nec
983 2697 1146 2770 incendio
1180 2701 1294 2771 solum
1328 2723 1411 2796 ope·

168 2833 210 2880 ra
235 2825 468 2912 consumpta,
505 2809 571 2884 sed
607 2811 701 2883 forte
737 2809 866 2884 eodem
905 2807 963 2882 die
1007 2807 1250 2882 vehementior
1280 2819 1411 2882 ventus

170 3049 278 3119 quidem
295 3051 365 3106 libro
387 3071 448 3108 mar.
471 3060 565 3106 nostro
586 3059 635 3104 nat
656 3051 777 3106 Snnken-
811 3049 865 3116 Qui
898 3049 926 3102 in
959 3049 1118 3102 contrariam
1144 3049 1301 3102 sententiam
1326 3049 1412 3104 nostri

168 3117 256 3188 burgii
275 3119 413 3175 inventum
430 3129 480 3175 eat.
810 3117 946 3188 scriptoris
960 3116 1117 3171 etCacraris
1133 3117 1181 3171 loci
1194 3135 1210 3170 a
1225 3116 1411 3172 Ruddimanno

204 3190 227 3266 ξ.
254 3195 277 3238 l.
312 3189 462 3243 Perdiccan
481 3188 562 3242 Ber-n.
581 3188 607 3241 A
630 3187 702 3242 Flor.
726 3187 775 3241 ΑΒ
810 3201 920 3256 gramm.
939 3185 997 3238 Lat.
1017 3186 1171 3251 efferuntur,
1189 3201 1277 3239 omnes
1294 3193 1411 3239 autcar-

168 3251 244 3306 leid.
275 3255 354 3310 Voce.
389 3265 401 3310 1
435 3274 486 3328 pro
518 3256 589 3326 vulg.
621 3255 776 3309 Perdiccam
809 3255 878 3329 pecti
902 3253 955 3306 iam
972 3261 1035 3306 aaut
1053 3262 1100 3305 aut
1116 3270 1133 3305 a
1149 3269 1189 3305 me
1207 3271 1241 3305 ex
1259 3253 1334 3306 codd
1352 3271 1411 3308 cor·

169 3330 327 3392 praestant,
354 3325 484 3378 Crateron
501 3333 591 3377 nutem
608 3341 776 3378 macerones
811 3321 941 3394 rigantur,
960 3329 1155 3391 praeterunum
1173 3335 1224 3386 vn,
1242 3327 1275 3375 at
1289 3320 1346 3374 init.
1364 3319 1411 3394 qui

168 3397 199 3441 et
215 3391 347 3445 editiones
372 3392 448 3458 Aldi,
468 3391 552 3458 lunii,
576 3391 669 3444 Modii.
705 3391 776 3445 Rara
810 3391 866 3443 sine
893 3389 965 3443 libris
987 3389 1164 3442 emendandus
1187 3389 1243 3441 tuit.
1262 3387 1302 3443 Os.
1321 3388 1363 3441 ad
1381 3403 1410 3456 v,

208 3457 215 3469 '
303 3461 369 3514 baec
393 3461 478 3514 forma
496 3459 523 3512 in
540 3459 675 3513 bominum
693 3459 776 3514 nomi-
809 3463 1091 3525 tl,lt.vt,19,tt.
1119 3458 1186 3510 Item
1200 3459 1234 3509 de
1245 3455 1340 3510 vitiosa
1356 3455 1412 3510 sor·

171 3543 199 3578 m
217 3543 265 3592 ur,
290 3543 352 3580 carn
370 3527 495 3599 nequem
512 3527 593 3582 sitin
609 3525 714 3581 arbium
731 3545 777 3582 no-
812 3545 855 3580 ma
866 3528 991 3595 prosilivi
1008 3526 1042 3577 ad
1059 3539 1115 3591 vn,
1136 3533 1166 3578 lt
1184 3533 1252 3578 extr.

170 3592 298 3661 minibus,
316 3595 364 3649 aed
385 3596 489 3650 Comen
508 3611 541 3663 v,
561 3599 593 3648 15
610 3603 640 3648 et
655 3609 725 3663 vm,
743 3601 778 3650 ts
848 3594 1051 3664 comprehendit]
1086 3593 1157 3647 Flor.
1176 3593 1223 3646 AB
1242 3593 1411 3661 comprendit,

171 3659 290 3730 legimus
813 3661 893 3715 Bern.
912 3664 935 3715 A
954 3663 1113 3732 conprendit.
1301 3685 1316 3704 ··

205 3729 397 3800 Gap.lt.§.t.
415 3741 469 3785 tnnr
582 3731 777 3811 eiaeaceenaa]
847 3733 870 3798 ξ.
888 3738 912 3783 4.
948 3732 977 3782 ln'
993 3731 1048 3799 qur]
1085 3729 1129 3783 Sic
1147 3729 1204 3782 libri
1227 3745 1285 3781 mse.
1322 3735 1412 3782 raeter

174 3797 248 3850 Time
271 3800 344 3869 qnod
365 3799 448 3870 vulgo
465 3749 664 3852 miskam
681 3799 778 3853 crinci-
812 3797 883 3852 Flor.
902 3797 951 3851 ΑΒ
969 3807 998 3851 et
1016 3797 1095 3850 Bern.
1115 3797 1196 3867 Aqui
1213 3799 1251 3848 tii
1268 3796 1302 3848 bn
1337 3803 1376 3850 nt.

171 3871 217 3944 tuf
234 3881 364 3946 coprem
386 3868 462 3921 codd.
479 3876 515 3948 ‘et
531 3867 653 3920 editionis
672 3883 778 3938 quoque
881 3869 903 3933 ξ.
932 3873 957 3944 5²
1005 3883 1083 3934 quum
1119 3867 1259 3942 interficere
1292 3865 1411 3934 mallent]
1497 3889 1500 3894 ·

79 4051 83 4073 ζ
172 3949 344 4066 inmaidiniion
356 3935 778 4074 maffinrpoetrpopltssrpmpmppppg
811 3933 1412 4079 ffizppltueirpnllppggiitepnpgprprmgrpgrtagpg

172 4075 200 4120 et
214 4072 382 4148 degiluerant
400 4089 448 4152 pro
466 4073 601 4152 destitere,
625 4073 778 4151 desilierunt
812 4068 1008 4150 muscentitit,
1035 4085 1081 4122 cur
1098 4069 1124 4120 in
1147 4069 1229 4121 llodir
1255 4067 1411 4122 membranis

173 4153 262 4258 77
284 4139 362 4259 73
385 4140 584 4278 7777
607 4139 779 4272 7737
813 4136 1411 4282 7777777777773

174 4289 233 4325 nam
258 4273 406 4345 composita
429 4277 503 4330 verbi
526 4277 642 4329 saliendi
666 4275 692 4328 in
711 4283 778 4328 tem-
813 4291 871 4327 ium
889 4273 1070 4326 coniunctivae
1086 4272 1233 4342 elegantior
1249 4285 1304 4335 eat,
1332 4287 1412 4341 quam

173 4341 280 4408 poribus
297 4343 420 4414 perfectis
437 4359 487 4414 per
504 4343 622 4398 vocalem
637 4363 654 4396 u
667 4343 780 4397 soranae·
814 4358 893 4412 quem
903 4341 1000 4395 librarii
1014 4349 1061 4393 aut
1073 4341 1218 4393 invenirent
1229 4348 1275 4392 aut
1292 4339 1325 4407 (si
1335 4339 1412 4393 aliter

174 4415 231 4462 tar:
249 4409 283 4463 ά
300 4429 366 4482 qnos
383 4411 411 4465 in
420 4421 561 4482 grammat.
571 4415 596 4480 ς.
606 4417 656 4466 206
666 4411 779 4465 laudari.
814 4427 869 4464 rem
887 4409 1019 4481 explicare
1037 4408 1112 4476 velis)
1130 4408 1205 4462 facilc
1223 4415 1385 4479 paterentur.
