3258 5120
677 360 873 414 nruuuuix.
1318 337 1389 410 533

235 549 260 617 5.
279 545 330 600 22.
365 544 747 617 interuall010mitt.Pnl.'l
776 546 853 603 Flor.
873 547 901 603 D
927 555 957 602 et
980 563 998 602 a
1022 563 1065 620 pr.
1082 563 1121 605 m.
1141 545 1218 602 Flor.
1236 544 1270 602 E.
1309 541 1390 619 Siey-

147 631 277 704 9amhim]
300 629 466 698 eieiqambim
491 631 567 690 Flor.
588 629 699 692 CEFG
717 631 803 688 Bern.
824 633 868 701 A,
897 631 1054 705 sisinqabim
1080 629 1164 687 Bern.
1183 629 1218 686 B.
1259 631 1389 706 coniunx]

150 713 201 772 Sic
218 733 317 771 omnes
336 715 414 771 Flor.
433 729 545 790 praeter
562 735 651 775 unum
670 717 698 773 D
717 717 746 772 in
764 735 821 790 quo
843 729 888 775 est
905 719 1015 774 coniux:
1048 715 1215 789 vectabatur]
1241 715 1391 772 nectebatur

150 799 227 857 Flor.
247 797 286 868 C,
304 800 478 857 vectabantur
498 804 576 862 Flor.
596 803 632 872 E,
649 801 813 859 vellebantur
831 804 909 860 Flor.
929 800 969 859 G.

235 886 260 958 5.
280 885 330 941 23.
364 891 555 964 armenam]
573 906 743 943 arinanaeae
759 887 840 945 Leid.
855 889 943 944 Voss.
960 890 973 943 l
995 886 1058 942 Pal.
1073 885 1090 942 2
1110 886 1194 942 Bern.
1213 886 1296 942 ambo
1312 885 1389 942 Flor.

149 967 291 1041 BCFHI,
315 989 481 1029 arumnaeae
505 974 568 1029 Pel.
597 975 609 1028 l
634 973 657 1029 F
660 973 710 1028 lor.
729 974 767 1044 Ι),
785 993 948 1029 ammnaene
968 973 1044 1029 Flor.
1061 969 1101 1038 G,
1119 989 1282 1027 arnmneeae
1301 970 1387 1028 Voss.

149 1057 187 1120 2,
206 1074 353 1114 atnaecnae
372 1059 555 1133 superecript.
573 1060 611 1115 eb
628 1059 678 1117 alt.
702 1077 776 1115 man.
795 1077 964 1114 armanarae
983 1058 1059 1114 Flor.
1078 1057 1114 1114 E.

235 1143 260 1215 5.
279 1143 330 1200 24.
365 1153 390 1200 et
407 1144 498 1218 imeae]
516 1153 542 1199 et
559 1146 615 1216 ἱρή
632 1143 771 1210 Reme,
789 1153 814 1200 et
832 1148 890 1214 ipee
907 1143 993 1200 Bern.
1011 1141 1046 1198 B.
1081 1142 1297 1215 eaqittariarum]
1316 1143 1389 1215 eaqi·

147 1229 296 1284 ctariorum
314 1228 393 1285 Flor.
412 1224 491 1298 CFI,
508 1231 723 1304 eaqiptaricmem
740 1229 819 1287 Flor.
840 1226 897 1286 EG
915 1228 981 1287 Pul.
1003 1230 1030 1286 l.

235 1313 260 1386 5.
280 1313 329 1369 25.
364 1313 519 1389 proaimae]
545 1317 669 1388 proxime
686 1313 812 1370 BermA
832 1313 947 1371 meno
961 1313 1049 1370 Voss.
1066 1314 1093 1382 1,
1111 1311 1250 1369 omittitur
1268 1309 1387 1367 inFlor.

149 1395 183 1456 C.
218 1399 391 1470 lixarumque
408 1406 433 1453 et
451 1400 588 1474 calenum]
609 1395 704 1474 Supra
721 1400 824 1456 lineam
843 1419 861 1455 a
878 1417 954 1456 men.
973 1397 1125 1456 recentiore
1143 1397 1279 1472 scriptum
1297 1397 1389 1454 estin

146 1482 234 1540 Bern.
252 1483 283 1540 A
300 1483 462 1554 partitorum
480 1501 628 1558 aquarum,
646 1493 706 1541 tum
721 1487 886 1559 portitorum
908 1486 1042 1560 liquorum
1058 1491 1085 1540 et
1108 1481 1297 1540 luitucemodi.
1321 1484 1388 1540 levi·

146 1569 201 1644 ter]
220 1570 316 1624 leniter
334 1565 411 1624 Flor.
430 1567 461 1624 H
480 1568 567 1626 Bern.
584 1568 622 1626 B.

232 1653 257 1726 5.
275 1653 326 1710 26.
360 1653 444 1728 auro]
462 1672 533 1711 aura
550 1654 734 1731 superscript.
752 1657 788 1714 ab
807 1655 857 1712 ull.
874 1672 952 1712 men.
969 1671 1056 1710 aurea
1073 1653 1151 1712 Flor.
1164 1651 1201 1724 E,
1217 1669 1304 1710 aurea
1320 1651 1387 1710 edit.

147 1755 292 1814 pneuma
310 1737 397 1796 Voce.
416 1737 445 1796 2.
738 1795 740 1800 ,

232 1823 257 1896 5.
276 1822 327 1881 28.
363 1824 392 1880 in
415 1823 487 1898 acie]
517 1824 604 1882 Bern.
625 1825 667 1898 Β,
692 1828 721 1882 in
743 1829 820 1883 aciae
844 1833 878 1883 ut
901 1825 975 1883 colet
998 1844 1013 1882 e
1036 1833 1066 1882 et
1092 1842 1125 1880 ae
1149 1823 1333 1894 contundere,
1357 1825 1387 1882 in

146 1909 231 1964 aciem
256 1907 333 1982 quod
362 1908 406 1964 ed.
435 1907 505 1966 Ald.
537 1911 639 1981 hebet,
669 1910 766 1968 nullus
791 1911 853 1969 aod.
883 1921 989 1969 noster.
1036 1910 1149 1966 Dareus
1179 1918 1270 1965 tantae
1296 1910 1384 1985 mult]

146 1993 255 2050 Durine
279 2001 369 2050 autem
393 1994 468 2051 mult.
493 1994 626 2054 Beru.B
650 1996 728 2054 Flor.
746 1996 777 2053 H
803 1994 915 2055 itemC
940 1997 990 2054 sed
1013 1995 1204 2071 superscripto
1228 2013 1247 2052 e
1268 2014 1307 2052 m.
1331 2012 1386 2052 rec.

146 2087 247 2136 uuae.
765 2113 771 2122 ·

233 2161 308 2239 Cep.
329 2165 363 2232 9,
381 2165 407 2238 5.
428 2166 455 2222 1.
491 2163 677 2243 Αόίειαηιοηι]
709 2167 744 2224 ab
768 2167 916 2226 listamene
940 2166 1063 2225 moun
1087 2167 1172 2225 Bern.
1190 2168 1237 2237 A,
1267 2165 1301 2222 ab
1319 2168 1385 2230 ieta÷

146 2266 222 2305 mene
245 2248 348 2323 reliqui
366 2249 444 2308 Flor.
467 2259 497 2308 et
513 2249 601 2310 Bern.
621 2251 647 2309 B
666 2251 754 2310 Voce.
773 2253 810 2323 2,
833 2253 1024 2310 Abiietamene
1046 2251 1135 2310 Voce.
1156 2255 1182 2321 1,
1201 2252 1386 2309 Abeietamene

146 2332 228 2392 Laid.
266 2332 404 2410 Ciliciam]
423 2335 612 2394 eciam.Bern.
630 2337 677 2406 Α,
695 2341 776 2404 etiam
794 2336 926 2395 Bern.B
950 2337 1028 2395 Flor.
1046 2337 1104 2396 CH
1131 2337 1217 2394 Voss.
1238 2340 1273 2408 1,
1295 2338 1386 2393 liciam

147 2417 227 2476 Flor.
246 2418 322 2476 DEI
344 2418 409 2477 Pel.
431 2422 457 2478 1.
477 2421 514 2492 2,
537 2422 632 2478 litiam·
643 2422 723 2481 Flor.
742 2423 783 2496 F,
806 2425 900 2499 lytiam
917 2423 984 2481 edit.
1007 2441 1050 2500 pr.
1081 2423 1256 2498 peruenerat]
1282 2441 1338 2480 om.
1356 2422 1386 2480 iu

147 2503 225 2562 Flor.
243 2505 271 2561 D
289 2503 353 2561 Pel
374 2508 400 2563 1.
419 2506 458 2563 2.·
681 2539 687 2551 ·

233 2592 259 2663 5.
279 2590 308 2647 2.
344 2591 448 2667 etadiu]
476 2593 577 2650 etaeliie
594 2592 675 2650 Leid.
709 2591 744 2648 ab
760 2593 853 2669 aditu]
878 2593 914 2650 ab
931 2611 962 2650 eo
978 2595 1055 2650 aditu
1074 2593 1163 2652 Voss.
1183 2593 1200 2649 2
1220 2593 1316 2650 nullus
1334 2612 1384 2651 no-

148 2683 280 2732 etrorum.
319 2673 456 2752 Ciliciam]
479 2671 611 2753 Cylieiam
628 2679 713 2736 ambo
731 2676 816 2735 Bern.
837 2677 925 2736 Voee.
948 2682 975 2744 1.
993 2679 1104 2736 cilitiam
1121 2679 1199 2738 Flor.
1218 2675 1251 2738 C.
1282 2679 1382 2754 Pylae]

143 2763 219 2834 pilae
236 2759 325 2818 voss.
345 2762 374 2818 1.
393 2760 411 2818 2
430 2771 460 2820 et
484 2781 584 2820 omnes
607 2764 698 2820 nonii
722 2763 802 2821 ccdd.
825 2777 938 2840 praeter
960 2763 1039 2822 Flor.
1058 2763 1093 2822 B.
1133 2765 1298 2840 artieeima'e]
1335 2761 1386 2823 Sia

150 2845 227 2902 Flor.
247 2843 270 2904 C
289 2843 320 2903 G
337 2845 426 2903 Bern.
445 2848 494 2918 Α,
511 2847 613 2922 reliqui
629 2850 807 2906 arcti'eeimae.

235 2933 260 3006 5.
279 2933 309 2988 3.
348 2929 474 3008 Ciliciae]
497 2931 616 3009 Cyliriae
634 2933 720 2990 Bern.
728 2932 765 3004 Β,
781 2935 882 2990 cili'tiae
900 2935 979 2992 Flor.
993 2931 1027 3006 C,
1045 2935 1126 2992 cilitie
1139 2934 1216 2992 Flcr.
1224 2935 1259 2992 F.
1284 2936 1383 3010 Atque

148 3016 380 3074 circumstanter.
415 3017 492 3074 initia
510 3018 583 3093 tetta]
603 3021 632 3074 in
649 3020 726 3075 initio
743 3017 806 3076 belli
821 3017 903 3076 Leid.
922 3018 1048 3081 vacui
1077 3018 1141 3077 Pul.
1163 3022 1189 3076 1.
1207 3020 1236 3076 2.
1272 3021 1381 3095 exequi]

149 3099 197 3158 Sic
214 3120 312 3160 omnes
330 3101 420 3159 nostri
438 3105 517 3174 (non
535 3106 667 3177 eccequi)
693 3102 773 3161 eolus
791 3103 869 3162 Flor.
887 3103 914 3161 B
937 3108 1023 3178 eeqni.
1059 3103 1132 3161 Item
1149 3113 1284 3164 annotare
1301 3105 1383 3161 iuvat

148 3189 279 3262 quicquid
303 3189 374 3259 (nou
392 3189 543 3262 quidquid)
568 3207 638 3272 ecee⁸
654 3188 685 3246 in
702 3187 789 3246 Beru.
807 3197 928 3264 utroque
945 3190 1025 3249 Flor.
1045 3186 1195 3249 coum.
1236 3191 1303 3265 iqui]
1324 3194 1384 3266 iqne

145 3291 219 3330 unire
236 3273 316 3330 Flor.
333 3273 374 3330 H.

231 3360 257 3433 5.
278 3361 308 3415 l.
344 3360 487 3428 anqustiae
504 3359 610 3435 αώῖιιε]
636 3369 783 3431 mnqreetum
807 3361 914 3417 aditum
932 3359 1019 3418 Ber-n.
1037 3361 1063 3418 B
1083 3361 1160 3419 Flor.
1181 3361 1210 3418 H
1229 3360 1291 3418 Pul.
1311 3361 1339 3417 2.

231 3445 256 3518 5.
280 3445 308 3501 5.
348 3443 475 3519 callibus]
495 3445 607 3502 collibus
631 3443 709 3502 Flor.
727 3443 754 3502 E
773 3445 836 3502 Pal.
859 3449 885 3502 1.
920 3465 953 3502 ne
978 3447 1159 3523 conspectum]
1191 3446 1241 3506 sic
1258 3447 1383 3518 llodiue,

146 3547 193 3586 nec
210 3537 380 3602 conspectum
404 3529 513 3602 quidem
534 3529 613 3586 Leid.
638 3530 724 3588 Rern.
743 3531 801 3588 AB
828 3530 906 3588 Flor.
924 3531 1027 3589 El'lll
1047 3531 1110 3588 l’el.
1132 3535 1157 3589 1.
1176 3532 1213 3602 2,
1238 3551 1286 3588 nec
1303 3551 1382 3606 aupe-

145 3623 216 3671 ctum
234 3615 311 3689 quid.
328 3613 395 3670 edit.
414 3613 502 3689 princ.
520 3615 591 3672 Ald.
615 3614 653 3672 ul.
677 3635 711 3673 ne
726 3625 866 3691 aepeatum
883 3619 993 3691 quidem
1010 3617 1075 3674 lunt
1111 3617 1240 3692 obtinere]
1260 3617 1337 3675 Flor.
1356 3617 1381 3674 B

146 3699 232 3756 Bern.
252 3701 281 3756 A
299 3701 428 3772 optinere.

231 3781 304 3859 Cep.
324 3786 381 3854 10,
406 3785 431 3858 5.
451 3785 480 3842 6.
516 3784 581 3842 litne
598 3785 734 3862 ercumit]
760 3786 836 3844 littus
854 3789 973 3844 accurrit
990 3788 1076 3846 Bern.
1093 3787 1120 3845 B
1138 3788 1216 3848 Flor.
1236 3790 1284 3863 Η,
1307 3789 1382 3847 littue

146 3869 276 3928 scribitur
293 3869 379 3926 ctiam
397 3869 427 3928 in
445 3869 524 3927 Flor.
542 3867 654 3930 CDFI.

231 3957 255 4028 5.
280 3955 309 4012 7.
343 3973 399 4029 qua
416 3956 504 4030 mam]
523 3974 605 4030 quam
624 3975 697 4014 mae.
716 3957 794 4014 Flor.
812 3957 923 4016 BDEl.

229 4041 302 4110 58.
336 4041 489 4116 plartitiem]
506 4043 653 4116 planiciem
666 4042 751 4100 Bern.
764 4043 822 4101 AB
838 4043 1025 4104 Flor.BDH.
1060 4047 1199 4120 Pyramus
1216 4057 1240 4104 et
1256 4047 1381 4126 Cyrinne]

38 4193 41 4200 .
147 4122 194 4183 sie
210 4124 296 4182 Bern.
314 4127 346 4183 A
363 4124 389 4181 F
391 4125 442 4183 lor.
460 4125 549 4185 ΒΕΘ
567 4127 647 4184 Leid.
666 4127 755 4187 Voss.
776 4131 809 4200 1,
827 4130 928 4204 reliqui
946 4132 1079 4188 Piramue
1096 4141 1121 4188 et
1141 4131 1262 4202 Cidnue,
1281 4133 1342 4190 Pel.
1362 4136 1379 4190 2

145 4211 187 4268 ed.
204 4229 247 4285 pr.
268 4210 394 4286 qunm,
419 4211 485 4268 item
505 4225 580 4288 post.
613 4214 716 4287 epatia]
742 4217 836 4288 spacio
853 4215 940 4274 Bern.
960 4217 987 4275 B
1005 4217 1082 4274 Flor.
1101 4217 1197 4274 BDH.
1231 4220 1379 4295 manantis]

145 4307 296 4353 manantem
320 4296 408 4354 Bern.
425 4297 483 4354 BH
502 4297 567 4356 Pel.
589 4300 616 4356 1.
635 4300 653 4354 2
680 4299 724 4356 ed.
742 4318 786 4376 pr.
805 4309 953 4358 manentem
978 4321 1065 4379 supra
1084 4303 1188 4378 scripto
1211 4321 1229 4360 a
1248 4303 1272 4360 F
1274 4304 1324 4362 lor.
1342 4305 1379 4362 Ε.

146 4381 288 4438 Manantie
305 4381 362 4438 inm
381 4382 498 4441 Aldine.

228 4467 253 4541 5.
274 4467 302 4524 9.
335 4468 510 4546 incorruptus
533 4471 657 4546 idemque
672 4471 889 4550 sriqidieeimue]
908 4475 1074 4550 incorruptis
1090 4475 1212 4550 idemque
1226 4475 1380 4551 sriqidieei·
