3350 5042
210 295 283 368 346
695 307 729 371 e.
747 305 872 358 cnnrn
895 307 981 358 nnn

157 499 206 570 40
311 491 351 564 In
391 489 578 588 Sogdianis
615 491 790 566 Peucolao
828 517 910 566 cum
949 491 1064 567 tribus
1102 491 1246 568 milibus
1284 497 1451 592 peditum
1472 517 1506 564 ιο

209 607 339 703 (neque
365 605 458 677 enim
484 605 607 678 maiori
634 603 808 702 praesidio
834 603 1032 704 indigebat)
1058 607 1194 696 relicto,
1220 603 1353 678 Ractra
1368 633 1451 703 per·

209 715 316 788 venit.
369 714 456 790 Inde
483 716 632 790 Bessum
658 715 841 790 Ecbatana
867 716 949 788 duci
975 718 1088 806 iussit
1116 717 1305 790 interfecto
1325 715 1449 790 Dareo

207 852 340 926 poenes
367 831 482 928 capite
508 829 780 924 persoluturum.
824 827 955 900 Iisdem
972 828 1046 900 fere
1068 827 1200 900 diebus
1218 825 1449 902 Ptolemaeus
1472 850 1501 896 11

207 951 245 1014 et
262 937 423 1013 Menidas
451 937 610 1038 peditum
637 939 705 1008 tris
731 939 825 1008 milia
851 948 889 1008 et
914 937 1052 1032 equites
1079 937 1176 1010 mille
1204 937 1448 1028 edduxenmt,

111 1035 117 1044 ⁴
207 1050 370 1125 mercede
397 1050 618 1122 militaturos.
657 1045 863 1118 Alexander
888 1070 1032 1142 quoque
1057 1071 1105 1120 ex
1123 1045 1236 1146 Lycia
1260 1075 1343 1122 cum
1368 1051 1448 1148 peri
1469 1070 1502 1116 rs

206 1185 354 1238 numero
387 1159 548 1258 peditum
579 1169 617 1230 et
642 1181 666 1230 n
693 1156 869 1254 equitibus
901 1157 1011 1230 venit
1065 1156 1234 1232 Totidem
1266 1183 1314 1232 ex
1340 1158 1449 1258 Syria

205 1271 501 1370 Asclepiodormn
519 1269 774 1366 sequebantur:
801 1267 994 1367 Antipater
1012 1267 1235 1344 Graecorum
1252 1291 1320 1342 vm
1338 1271 1447 1360 milis,

206 1384 243 1456 in
269 1383 347 1479 quis
373 1403 423 1456 nc
451 1381 587 1478 equites
615 1392 733 1470 erent,
771 1382 927 1453 miseret
980 1379 1106 1478 ltaque
1139 1382 1302 1460 exercitu
1327 1393 1447 1472 aucto,
1467 1402 1502 1450 rs

206 1492 254 1568 ed
278 1519 331 1584 ee,
358 1519 450 1592 quae
467 1491 665 1566 desectione
682 1489 826 1564 turbate
843 1502 957 1582 erent,
983 1491 1234 1590 componenda
1259 1494 1447 1593 prooessit,

207 1606 470 1702 interfectisque
495 1602 792 1677 consternationis
817 1603 1035 1692 auctoribus,
1066 1613 1196 1701 quarto
1224 1603 1283 1678 die
1309 1603 1357 1678 ad
1382 1605 1448 1680 flu·

205 1743 287 1791 men
314 1713 435 1790 Oxum
461 1725 673 1814 perventum
699 1723 764 1786 est.
815 1711 900 1804 Hic,
926 1714 1010 1810 quie
1034 1715 1160 1790 limum
1186 1715 1302 1806 vehit,
1334 1717 1448 1790 turbi-

206 1827 274 1902 dus
300 1851 451 1925 semper,
477 1826 666 1899 insalubris
692 1837 748 1898 est
772 1825 883 1922 potui.
930 1823 1056 1923 ltaque
1083 1838 1212 1925 puteos
1239 1829 1341 1902 miles
1367 1853 1446 1902 coe·
1467 1851 1502 1897 1⁴

205 1949 309 2040 perat
326 1936 456 2012 ledere.
497 1935 572 2011 Nec
590 1949 721 2019 tamen
732 1934 841 2011 humo
862 1938 934 2011 alte
953 1945 1078 2036 egesta
1096 1937 1279 2014 existebat
1300 1939 1446 2030 humor3

206 2067 288 2126 cum
313 2052 350 2124 in
382 2052 459 2150 ipso
486 2049 714 2124 tebemseulo
747 2050 839 2146 regis
870 2061 1083 2147 conspectus
1115 2060 1173 2124 est
1203 2051 1304 2142 sons,
1339 2049 1448 2147 quein

206 2164 290 2264 quie
314 2161 418 2236 tarde
443 2169 673 2249 notaverant,
709 2159 828 2233 subito
856 2161 1019 2234 extitisse
1046 2161 1241 2235 linxenmt
1294 2161 1447 2260 Rexque

127 2313 130 2320 ⁴
204 2277 283 2376 ipse
308 2273 405 2350 credi
430 2271 554 2364 voluit,
579 2270 728 2346 deorum
746 2270 880 2345 donum
896 2270 935 2344 id
950 2271 1070 2348 misse.
1110 2269 1298 2371 Superatis
1316 2272 1446 2351 deinde
1467 2294 1503 2342 1⁵

206 2527 311 2582 eonor
331 2543 424 2598 agema
448 2525 566 2598 equiem
593 2523 735 2580 amicorum
757 2523 804 2594 (τὸ
840 2523 960 2592 lium,
973 2531 999 2592 s,
1012 2531 1061 2590 2⁴3
1078 2524 1124 2580 lib.
1137 2539 1168 2592 x,
1186 2532 1227 2594 10,
1245 2532 1277 2581 21
1296 2525 1471 2582 essaenos
1520 2519 1524 2522 ’

205 2597 298 2669 ἄγημα
319 2603 380 2650 τῶν
403 2597 537 2667 ἑταίρων)
564 2611 632 2666 quse
657 2595 747 2647 eedem
764 2600 806 2647 est
840 2592 915 2648 Caes.
933 2611 955 2648 c.
969 2601 1011 2649 20.
1046 2593 1106 2648 Hos
1126 2593 1199 2649 locos
1221 2593 1340 2649 laudavit
1357 2595 1447 2650 cella·

205 2673 287 2734 vute
300 2667 391 2737 primo
408 2667 499 2718 cotors
512 2665 663 2730 emicem,
681 2661 708 2716 in
726 2679 804 2732 qusm
837 2661 898 2726 rius,
915 2663 984 2717 adde
1002 2663 1090 2717 Tscit
1108 2662 1229 2734 bist.1v‚
1247 2671 1289 2718 to.

205 2733 430 2814 ffloellimefiffl
445 2739 512 2804 W>
522 2731 680 2799 Ostffiffims
696 2731 804 2784 ΝΜ
872 2749 1017 2803 insalubris
1047 2759 1086 2804 est
1111 2751 1199 2820 potus]
1244 2749 1340 2804 Delevi
1368 2761 1392 2804 st
1417 2750 1446 2804 in

205 2801 295 2868 Dm,
310 2819 391 2874 εςιιΡιιι
407 2819 464 2872 0²1)-
476 2808 517 2855 ²4·
837 2815 975 2888 principio,
998 2817 1062 2888 quis
1079 2817 1156 2871 deest
1173 2817 1200 2870 in
1219 2835 1236 2872 o
1256 2817 1326 2872 timis
1342 2827 1371 2872 et
1387 2837 1446 2872 mu·

206 2954 226 2970 ¹·
239 2887 357 2961 Copto,
377 2891 451 2955 §.lu
487 2886 586 2966 {lectra
599 2887 730 2957 pervenit]
751 2887 802 2966 llr-
838 2893 895 2938 teta
912 2883 1053 2940 verboruin
1075 2885 1225 2968 coniungep
1243 2905 1320 2940 orum
1340 2887 1446 2967 ratione

204 2963 407 3080 tentat
430 2953 803 3104 demum
837 2953 1446 3146 lisiifllliaidplll‘alssfssffi

204 3095 333 3148 creditum
354 3102 409 3158 est,
436 3092 586 3146 auctoribus
607 3093 711 3162 quidem
728 3091 802 3145 Stra·
838 3099 899 3143 tunt
919 3089 991 3145 Flor.
1010 3091 1038 3146 H
1062 3091 1185 3146 Boion
1209 3101 1239 3147 et
1286 3111 1337 3147 oss.
1357 3099 1373 3148 2
1394 3111 1444 3148 sic:

204 3165 274 3218 bone
290 3181 321 3218 se
337 3161 437 3226 Plinio,
467 3177 546 3214 unam
566 3177 623 3214 esse
645 3161 737 3214 urbem
754 3160 802 3213 du·
837 3161 917 3213 insat
936 3170 974 3213 est
996 3171 1090 3230 puteos
1117 3163 1220 3232 iraque)
1246 3169 1275 3216 et
1297 3161 1342 3214 vix
1365 3163 1445 3231 credo

204 3231 266 3304 plici
288 3231 392 3286 nomine
414 3230 511 3283 Baetra
533 3237 561 3282 et
583 3228 714 3300 Zariaspa
748 3228 802 3282 Sed
837 3227 1039 3299 Snalrenburgio
1062 3229 1090 3282 in
1112 3247 1166 3283 uno
1188 3229 1263 3284 Leid.
1282 3247 1339 3284 esse
1356 3241 1444 3300 potue.

204 3299 264 3354 vide
287 3299 348 3355 Car.
370 3297 506 3354 Mennium
531 3297 559 3352 in
584 3297 720 3351 Meletem.
742 3297 801 3351 hist
836 3295 890 3350 Sed
899 3313 978 3368 quem
991 3314 1055 3352 vere
1069 3297 1152 3352 nostri
1166 3299 1264 3366 neseio,
1282 3299 1445 3370 nequeenim

205 3367 314 3424 Bonnee
333 3373 398 3424 1889
421 3365 498 3420 editis
516 3383 577 3436 pag.
593 3373 626 3420 sl
649 3383 707 3437 sqq.
726 3375 802 3419 acute
837 3363 899 3435 quie
919 3365 1040 3435 sequitur
1061 3365 1185 3421 vocalisi
1213 3376 1288 3422 certa
1304 3377 1346 3420 est
1362 3365 1444 3422 libro·

203 3437 427 3492 demonstrantem
453 3433 577 3506 hrissps
607 3433 706 3504 regiam
731 3434 802 3487 illam
837 3451 895 3486 mm
923 3433 1076 3489 auctoritas.
1116 3407 1198 3505 Apud
1221 3435 1291 3490 Plio.
1309 3444 1364 3490 nst
1382 3435 1443 3490 hist

204 3505 397 3576 Sogdianorum
413 3519 483 3571 esse,
511 3521 590 3574 quam
612 3519 692 3574 suprs
713 3502 760 3556 st'
781 3501 801 3546 ’-
837 3506 920 3569 vnit
935 3521 1005 3574 oqeso
1019 3503 1324 3576 pondiucsmdolegitur
1371 3521 1444 3560 usm-

204 3593 261 3628 mus
282 3575 390 3644 sdesp.
408 3580 441 3629 89
481 3569 675 3638 mensorium,
701 3579 729 3624 et
749 3571 757 3624 i
779 3571 803 3625 'c
835 3587 916 3642 quem
933 3571 1022 3626 similis
1040 3580 1082 3627 est
1106 3589 1262 3641 consensus,
1291 3546 1337 3627 sed
1379 3573 1445 3628 'vius

204 3643 319 3698 unsrun
342 3641 407 3696 nn
424 3614 605 3696 alumnum
632 3641 666 3694 ao
686 3639 802 3710 Msrgis-
836 3653 897 3693 xcv
915 3646 988 3706 sus
1008 3641 1089 3695 aaut
1106 3643 1204 3695 stone
1215 3641 1322 3712 facus,
1340 3651 1369 3696 a
1385 3651 1444 3696 sue

205 3729 265 3766 nem
288 3711 474 3766 subiiciendsm
491 3708 665 3766 contendisse.
700 3707 803 3764 Contra
838 3716 882 3761 tur
898 3679 1141 3764 brakenborehius.
1179 3709 1299 3781 Vulgsts
1315 3711 1445 3782 scripture

205 3779 280 3834 illum
324 3779 331 3792 “
365 3786 425 3834 utet
448 3777 585 3846 Messall,
618 3794 703 3850 neque
727 3777 803 3832 nobis
838 3777 863 3831 h.
883 3776 901 3831 1.
921 3788 989 3847 potu
1015 3778 1049 3831 eb
1066 3777 1151 3832 Hadr.
1173 3777 1252 3832 Iunio
1277 3787 1335 3846 est,
1361 3781 1445 3851 probe

204 3849 270 3904 lieet
286 3849 338 3903 boo
365 3865 413 3902 ooo
430 3847 567 3928 utriusque
587 3846 703 3928 rstipnes
725 3863 803 3900 meu-
838 3845 946 3968 quidem
960 3863 1008 3916 per
1021 3863 1058 3914 se,
1076 3848 1124 3917 sed
1140 3847 1302 3902 auctoritate
1318 3849 1444 3904 bbrorum

205 3925 278 3972 tere:
300 3925 405 3970 tantum
421 3915 540 3984 dumus,
557 3915 725 3970 Menmsnsm
741 3931 804 3985 ope-
856 3923 974 3968 estrtuta

204 4005 261 4068 ram,
278 3985 306 4040 in
322 3985 727 4068 mmmnaenmagnopea
741 4001 804 4054 nro·
873 4002 898 4067 s.
917 4007 956 4054 ιι.
991 4017 1049 4054 aaa
1075 4001 1104 4054 n
1131 4003 1200 4072 ipso]
1237 4001 1325 4058 com.
1353 4019 1444 4056 omnes

204 4057 269 4110 ΜΠ·
840 4081 940 4137 emron,
966 4069 1027 4124 edd.
1045 4077 1148 4124 veteres
1175 4079 1239 4124 ente
1255 4069 1361 4124 Iunium
1383 4081 1444 4126 usu.

239 4146 313 4208 §.12
339 4159 370 4192 aa
388 4139 479 4210 Syria]
515 4136 560 4191 Sic
576 4135 646 4192 mor.
663 4155 721 4193 cum
730 4135 804 4192 Leid.
838 4138 905 4192 Inde
922 4145 990 4210 puto
1006 4155 1135 4208 sppsrere
1143 4139 1444 4212 corruptioniscsussm,

204 4219 234 4264 et
255 4208 376 4264 seme
402 4223 492 4262 omnes
518 4223 566 4278 pro
591 4205 662 4276 vulg.
683 4224 705 4260 e.
738 4205 805 4262 Post
838 4225 899 4262 unm
916 4225 973 4261 mm
989 4207 1070 4278 longe
1087 4207 1220 4278 optimum
1237 4207 1350 4262 videtur.

206 4293 246 4334 ¹³0
264 4281 358 4349 suite
376 4292 468 4330 ΜΘ·
484 4294 543 4330 ³¹⁸³·
562 4292 614 4330 ⁰⁰¹¹
632 4289 660 4328 Β·
873 4296 978 4347 nomm
996 4295 1092 4346 enan
1109 4295 1140 4346 su
1154 4293 1254 4362 suase]
1290 4293 1379 4364 Vulgo
1397 4299 1445 4349 oo·
1558 4339 1560 4344 ,

241 4366 264 4432 §-
276 4369 315 4417 13.
346 4362 562 4415 consumationis
580 4358 802 4425 contendente.
838 4381 898 4415 neam
916 4363 959 4414 dei
976 4362 1007 4414 id
1026 4361 1132 4430 sosine,
1177 4362 1231 4416 uod
1255 4361 1283 4414 in
1304 4380 1358 4416 uno
1377 4363 1444 4418 libro

207 4431 350 4498 tumultus,
376 4429 522 4499 seditionis,
549 4437 580 4482 ut
596 4427 642 4482 lib.
657 4443 685 4495 v,
708 4433 751 4495 28,
774 4435 802 4498 83
836 4431 907 4484 Flor.
927 4429 953 4484 G
970 4437 1055 4484 extet.
1093 4429 1139 4496 Qu
1193 4447 1243 4486 nos
1266 4431 1386 4488 dedimus
1403 4441 1445 4486 est
