3350 5042
573 374 580 387 Ι
606 314 656 363 ns:
682 311 808 364 cussis
834 311 943 361 snex.
968 310 1019 376 m,
1044 307 1087 360 es.
1398 289 1471 360 283

232 488 485 584 autumnos,
520 495 597 594 quic
628 497 750 570 deinde
775 491 992 582 normann,
1024 491 1099 590 qais
1124 491 1320 566 Perdiccam
1353 493 1475 570 occisos

179 619 214 668 27
232 599 321 672 ouon
347 601 416 676 est?
447 604 501 679 liic
525 607 662 705 quidem
687 602 941 706 interfectoribus
962 603 1073 701 orturis
1100 603 1231 702 ε’μυουίί.
1286 604 1381 678 litteo
1406 605 1473 678 He·

167 773 172 786 .
229 710 384 808 aemulius
410 715 496 788 dicu
520 741 624 813 ευμεν
650 741 804 790 metans:
830 728 861 789 et
880 729 1013 812 postero
1039 714 1093 786 doe
1113 715 1231 811 prium
1257 713 1325 786 loun
1343 739 1366 786 a
1379 728 1475 811 patre

233 847 394 900 accusor.
453 825 578 900 Tristis
603 841 692 918 erat,
726 840 756 899 et
789 851 840 900 nu
866 837 1028 896 rriaostum
1053 825 1190 897 videbat.
1244 825 1475 900 Audieramus

180 951 215 1000 28
233 937 340 1026 enim,
379 959 464 1034 quae
503 937 755 1012 sollicitudinem
789 938 973 1010 incertorum.
1033 925 1148 1038 Ituoiu
1181 949 1217 1008 ut
1248 937 1475 1034 eoorniremnr

231 1060 385 1118 utrmrme
410 1046 488 1121 vino
510 1063 675 1148 yrauatus
699 1047 867 1148 effudmset
892 1045 965 1136 tta,
999 1072 1045 1118 an
1078 1046 1192 1120 altiore
1223 1059 1376 1146 omwepta
1402 1073 1475 1122 oon·

232 1155 328 1246 silio,
372 1161 498 1234 acensi
531 1185 607 1234 eum
636 1159 775 1258 pacui.
845 1156 961 1232 Venit.-
996 1157 1169 1257 eodemqne
1202 1182 1350 1232 sermone
1389 1157 1475 1234 ultro

233 1268 368 1364 repetito
393 1269 523 1360 adieci,
548 1295 594 1361 se,
619 1271 689 1344 sive
715 1269 912 1343 aramenta
937 1267 1128 1360 deuocasse,
1149 1269 1364 1367 omonimasa
1382 1271 1476 1346 uoltis
1535 1343 1539 1350 .

228 1391 347 1476 parus
372 1381 631 1470 vindicaturum,
657 1381 726 1456 sive
752 1381 874 1454 deesset
897 1379 1041 1468 aninmo,
1067 1380 1237 1453 crottum
1262 1380 1389 1455 silentio
1404 1406 1474 1456 esse

180 1507 215 1557 oo
232 1503 402 1563 ulturum.
455 1490 675 1566 Parmenioni
704 1493 778 1564 oioo
809 1489 918 1562 ordino
943 1487 1061 1562 Dareo
1095 1491 1321 1588 imatorestioa
1347 1515 1400 1565 res
1425 1493 1473 1566 ui·

234 1601 388 1674 debmur:
423 1626 491 1675 non
516 1602 605 1674 enim
629 1603 708 1694 sibi,
734 1601 793 1674 sed
818 1601 915 1693 lusti,
941 1626 1011 1676 esse
1036 1600 1198 1702 ooamoros
1223 1601 1476 1677 Menandrum:

233 1711 352 1786 Dareo
388 1737 466 1788 vero
501 1712 641 1805 setun,
672 1713 865 1812 praemium
902 1712 991 1810 reffis
1025 1712 1124 1787 occos·
1153 1711 1276 1786 Asiam
1311 1726 1341 1786 et
1374 1729 1474 1790 totum

238 1819 405 1897 ommno
450 1821 708 1922 interfectoribus
759 1847 827 1898 esse
874 1846 1019 1896 emmona.
1097 1823 1353 1924 Approbatoque
1402 1851 1475 1902 oon·

182 1933 331 2025 sosibio,
383 1935 422 2008 in
460 1930 540 2006 tneo
580 1934 676 2032 ‘fides
719 1949 748 2009 et
791 1933 871 2008 data
912 1945 959 2008 est
1001 1945 1032 2008 et
1067 1945 1208 2034 compta.
1290 1931 1388 2018 Quod
1429 1937 1478 2013 ad

234 2044 405 2120 Dimnum
443 2044 610 2144 pertinet,
661 2047 746 2124 nait
787 2047 875 2138 seio,
927 2058 956 2118 et
994 2043 1073 2120 lutee
1119 2047 1287 2149 confessos
1334 2047 1476 2150 intelligia

183 2177 216 2226 ³1
236 2181 304 2232 non
330 2157 495 2256 prodesse
525 2156 627 2251 mitt,
668 2159 757 2260 qnod
783 2156 936 2258 proximi
965 2157 1096 2233 sceleris
1129 2181 1247 2256 sepas
1278 2184 1362 2232 surn.
1422 2157 1477 2234 Illi

235 2359 418 2414 Alexandrum
436 2359 502 2414 aicit
517 2359 592 2414 illum
602 2360 756 2433 quchrxis
773 2369 840 2415 tom·
871 2361 1031 2429 posteradie
1048 2357 1285 2429 monoptoton,
1304 2360 1387 2416 nostri
1404 2369 1478 2416 certo

236 2444 301 2500 pore
309 2428 432 2500 regnavit
441 2428 604 2500 Graecisque
623 2429 692 2484 clam
708 2430 760 2484 suit
776 2428 840 2484 ami-
876 2445 966 2482 omncs
983 2437 1089 2500 practer
1106 2427 1178 2482 Flos.
1195 2427 1210 2482 I
1227 2437 1256 2481 ot
1272 2427 1353 2484 Born.
1371 2429 1404 2485 B.
1434 2427 1477 2486 Cl.

236 2515 291 2564 cus,
309 2497 414 2568 dequo
431 2497 594 2553 Herodotus.
629 2499 656 2552 Ιε
674 2507 762 2579 eutem
780 2515 842 2578 vero
876 2497 909 2551 sd
926 2511 971 2564 111,
990 2505 1021 2553 st
1041 2497 1124 2579 prino.
1242 2567 1247 2580 .
1483 2568 1494 2579 ..

236 2567 842 2717 oeconomicam
876 2568 933 2689 nt:
952 2569 1496 2692 tutissimam„

237 2703 471 2758 comunimus
490 2707 637 2760 Archelaus
655 2705 683 2759 in
700 2705 843 2759 cutusnuln
876 2704 1047 2770 etoccersim',
1066 2704 1134 2758 huno
1150 2703 1238 2774 plures
1251 2703 1389 2770 exhibent,
1407 2706 1478 2760 illem

237 2771 377 2851 Euripides
394 2772 557 2843 aliquamdiu
573 2783 693 2828 versetus
711 2783 762 2839 est,
781 2771 842 2826 insi-
876 2772 997 2826 meliores
1014 2771 1089 2828 Into.
1100 2772 1177 2826 Voce.
1189 2779 1208 2839 1,
1220 2770 1242 2824 F
1243 2771 1291 2826 lor.
1309 2775 1335 2826 Α
1353 2773 1432 2828 Boru.
1442 2777 1477 2842 Δ,

237 2841 287 2894 diis
304 2841 461 2896 interiectus
477 2842 594 2896 traditur
606 2841 744 2896 Aristoteli
763 2841 841 2896 Polit.
877 2841 962 2894 nullus
981 2857 1029 2895 noc
1046 2843 1144 2894 arcessi
1162 2857 1209 2894 noc
1226 2843 1360 2894 arcessiri.
1384 2841 1480 2914 Ithuo

238 2925 268 2977 v,
282 2915 307 2963 8.
334 2911 478 2964 Perdiccas
495 2911 578 2964 trater
595 2921 636 2964 est
646 2910 734 2982 Philip
753 2910 761 2963 i
779 2921 842 2964 netu
876 2909 938 2981 qud
956 2926 1122 2981 coquos-emur
1131 2909 1237 2963 dubium
1248 2927 1300 2963 non
1310 2909 1369 2977 suit,
1387 2927 1479 2981 quam-

237 2978 335 3045 mnior,
359 2994 440 3049 quem
461 2997 516 3033 non
539 2978 624 3034 multo
648 2988 709 3050 post
726 2929 843 3032 :iloxnn-
876 2995 955 3049 quam
972 2979 1053 3050 mnlgo
1069 2978 1157 3033 oditur
1173 2979 1307 3032 accersiri.
1322 2977 1376 3032 Sed
1384 2979 1480 3034 mirum

238 3047 330 3113 dnum,
347 3047 413 3100 item
429 3045 548 3118 Philippi
567 3048 689 3111 fratrom,
712 3047 843 3117 Amyntae
876 3056 918 3100 cst
935 3065 1015 3118 qusm
1037 3055 1186 3102 constanter
1207 3063 1298 3100 omncs
1320 3055 1481 3104 tenesmos

238 3114 330 3182 filium,
343 3115 489 3185 Eurydices
497 3116 600 3170 artibus
613 3115 843 3170 intersectumtrn-
877 3117 971 3168 venire.
1007 3115 1112 3170 Modius
1133 3117 1167 3168 dc
1184 3114 1307 3168 Pslmcrii
1329 3116 1479 3172 coniectum

238 3183 278 3238 dit
299 3183 419 3238 Iustinus
441 3191 582 3252 v11,4,o.
619 3184 743 3239 Cetemm
761 3183 840 3238 Snulr.
877 3186 945 3237 venit
954 3185 1079 3251 correxit,
1098 3201 1147 3238 nec
1160 3185 1245 3238 curleo
1253 3185 1286 3238 nb
1296 3201 1328 3238 co
1338 3185 1479 3241 domuere.

239 3254 266 3306 in
283 3271 342 3306 mss.
361 3253 415 3306 cuis
432 3269 490 3306 esce
507 3254 655 3307 Perdiccan
674 3261 802 3318 tenuitur,
825 3269 841 3305 c
875 3253 945 3306 Tum
963 3271 1011 3324 pro
1027 3256 1133 3322 raretito
1151 3252 1228 3306 multi
1250 3263 1278 3305 ot
1295 3254 1356 3307 boni
1373 3256 1433 3310 edd.
1451 3265 1480 3310 ut

238 3321 335 3375 nostris
353 3321 418 3374 nihil
434 3339 452 3376 s
464 3321 536 3393 vulg.
554 3321 739 3376 terminatione
755 3321 841 3374 divor·
875 3329 996 3374 vctuctco
1013 3331 1075 3375 nntc
1092 3321 1228 3376 Iunianum
1244 3321 1374 3376 editiones
1387 3326 1479 3394 petito,

237 3409 295 3444 curn
312 3397 445 3444 enotetur.
876 3401 983 3444 extrusa
1005 3390 1088 3470 prima
1113 3390 1214 3460 syllaba
1237 3391 1272 3444 ob
1300 3393 1479 3462 praecedentis

272 3461 585 3530 linquidcm-iqnouit.
621 3459 675 3514 Uni
690 3458 843 3512 Alexandro
877 3458 1089 3526 similitudmem
1116 3463 1222 3529 repetito
1249 3469 1338 3514 minen
1360 3469 1435 3516 extat
1450 3461 1479 3516 in

238 3528 388 3598 Lyncestae
412 3527 545 3598 ignovisse
573 3528 689 3582 traditur
710 3545 727 3580 n
743 3527 843 3581 lustitm
877 3528 948 3582 Flos.
966 3527 1039 3582 DFl.
1097 3561 1100 3566 -

236 3611 278 3663 xl,
297 3604 323 3664 2,
342 3596 374 3650 cs.
393 3595 516 3650 Curtium
534 3597 618 3666 ipsum
637 3611 689 3662 vu,
710 3605 732 3649 l.
913 3599 936 3664 ξ.
954 3603 997 3651 to.
1031 3614 1088 3650 esce
1108 3613 1223 3650 cessura.
1264 3597 1339 3650 Nihil
1368 3597 1479 3653 interest

272 3669 296 3730 ς.
320 3672 362 3718 27.
403 3666 470 3718 uico
496 3683 575 3734 super
602 3667 731 3733 coenam]
772 3663 844 3718 Libri
879 3663 967 3728 sinon,
983 3673 1014 3718 ut
1022 3665 1065 3718 vu
1086 3684 1112 3732 o,
1124 3683 1256 3718 cessurum
1267 3666 1347 3736 logne.
1365 3665 1480 3722 Secutus

237 3752 297 3788 mss.
313 3741 386 3787 etvu
441 3732 723 3802 editisiqrracoenam.
744 3733 845 3786 Verum
878 3743 967 3787 tannen
989 3753 1046 3788 cum
1067 3683 1142 3788 iou.
1161 3734 1236 3788 Voss.
1257 3743 1279 3787 l.
1298 3741 1312 3788 2
1332 3735 1411 3790 Bam.
1429 3737 1479 3790 ΑΒ

238 3801 276 3856 cic
293 3819 372 3855 neruo
430 3801 486 3856 tine
508 3801 611 3856 locutus
628 3811 670 3856 cst
687 3819 747 3855 cum
764 3800 844 3871 signi-
878 3802 950 3857 Flor.
967 3803 1071 3858 ABEll
1098 3813 1126 3856 ot
1149 3802 1212 3856 edit.
1236 3803 1397 3858 Modinnem.
1425 3803 1481 3858 Scrl

237 3871 315 3924 ficem
332 3869 414 3924 vellet
422 3871 485 3924 dum
495 3883 629 3938 coenetur,
647 3869 717 3924 inter
726 3887 843 3944 coenam,
877 3873 947 3942 quod
959 3872 1159 3943 coquiturfirles
1177 3881 1208 3925 ct
1220 3874 1283 3924 elata
1295 3884 1332 3926 est
1342 3883 1364 3926 et
1374 3885 1480 3942 occepta

237 3941 284 3992 ced
301 3957 382 4010 scopet
399 3957 546 4006 coamens
582 3957 611 3993 er
624 3957 748 4005 υιευεαυι,
766 3957 844 4008 ευμεν
878 3940 986 3994 omnino
1004 3940 1053 3993 nit
1070 3940 1246 4012 recipiendum
1263 3957 1298 3994 ex
1314 3940 1388 3994 Leul
1399 3943 1480 3996 Bcru.

238 4010 325 4062 oinmn
351 4019 374 4060 et
403 4010 504 4077 epulas
547 3959 648 4079 ¹iisquo
677 4017 843 4062 constantem
876 4010 903 4062 A
920 4009 991 4062 Flor.
1005 4008 1090 4062 ABG.
1126 4009 1193 4062 Vide
1211 4027 1289 4081 supra
1306 4011 1339 4062 ccl
1357 4017 1478 4076 c.tt‚15.

237 4074 363 4130 nomionis
382 4094 457 4130 issum
474 4084 580 4130 comtum
597 4095 668 4131 nunc
684 4077 841 4144 doctisono,
912 4079 935 4145 ξ.
953 4085 995 4132 80.
1030 4081 1101 4147 quod
1118 4081 1234 4147 μνοείυιί
1260 4081 1365 4131 sceleris
1388 4097 1481 4147 εεμενε

237 4145 416 4200 confusionem
434 4153 559 4199 notarum
577 4145 841 4210 intermiscemus,
878 4165 943 4200 sune.
961 4145 1052 4200 Placet
1070 4148 1132 4200 lnce
1150 4147 1228 4200 lectio
1246 4147 1300 4199 sivo
1318 4149 1481 4202 cmcndntio-

236 4215 284 4266 ced
309 4222 445 4268 auctorem
473 4231 578 4285 quoquc
605 4214 689 4268 habeo
715 4214 785 4268 Flor.
808 4211 843 4279 G,
878 4233 937 4268 nom
965 4214 1071 4270 vocabis
1095 4215 1118 4268 F
1120 4216 1166 4269 lor.
1190 4214 1230 4280 G,
1267 4233 1344 4283 (rursm
1371 4219 1482 4270 condem

237 4282 282 4353 qui
301 4302 356 4336 nou
373 4301 434 4336 rano
453 4282 569 4354 insignes
587 4283 702 4336 veritate
719 4282 843 4336 lectiones
878 4283 985 4337 ltlodius
1003 4285 1090 4337 nescio
1109 4303 1162 4354 quo
1176 4285 1482 4355 modocompcrtusvul-

235 4353 366 4419 servavit,
389 4351 454 4406 item
480 4353 561 4405 Voss.
583 4358 598 4406 2
635 4361 664 4406 ct
690 4351 843 4406 Modimmm
878 4352 958 4423 gavit
986 4352 1098 4423 Legitur
1109 4353 1134 4406 in
1145 4353 1239 4407 ceteris
1256 4356 1326 4422 quood
1338 4371 1481 4422 prorsus

236 4419 389 4475 editionem.
425 4420 492 4475 Mox
510 4431 618 4490 postero
641 4424 683 4476 elic
705 4439 755 4492 pro
772 4421 843 4492 vulg.
869 4423 983 4476 sceleris
1001 4441 1094 4492 cepas
1112 4441 1175 4476 ευηι.
1211 4424 1310 4476 Verum
1331 4439 1360 4475 co
1377 4421 1481 4478 sceleris
