3384 5056
533 270 562 332 fi
627 267 1108 338 ercammarum.
1188 259 1192 269 ’
1423 249 1495 322 265

206 477 240 524 2³
363 453 515 526 Postero
552 453 610 528 die
643 479 711 529 rex
741 454 869 542 edixit,
902 477 1025 524 omnes
1058 454 1185 524 armati
1217 455 1361 527 coirent
1422 449 1545 528 Sex32

259 563 356 636 milia
383 562 457 636 scre
483 564 635 638 militum
661 573 852 651 venerant3
879 572 1070 660 'praeterea
1095 563 1203 635 turba
1228 563 1380 636 lixarum
1407 567 1498 638 ealo-

207 693 241 741 rr
259 661 417 769 numque
457 675 696 774 impleverant
735 673 878 770 regiam.
946 671 1123 744 Philotam
1158 673 1322 769 armigeri
1356 677 1496 772 agmine

260 807 326 855 suo
354 787 543 882 tegebant,
578 811 623 860 ne
650 796 735 859 ante
760 782 916 880 conspici
943 793 1065 880 posset
1091 784 1262 880 evulgo,
1297 809 1405 879 quam
1430 811 1496 858 rex

208 913 242 960 as
261 895 440 970 allocutus
472 898 602 970 milites
637 906 743 968 esset.
796 891 851 966 De
882 891 1091 989 capitalibus
1118 894 1224 966 rebus
1251 905 1394 968 vetusto
1420 894 1494 968 Ma-

260 1003 438 1080 cedonum
470 1006 580 1080 modo
615 1005 817 1104 inquirebat
848 1002 1041 1090 exercitus,
1073 1005 1109 1074 in
1144 1027 1230 1100 pace
1266 1016 1343 1076 erat
1376 1007 1494 1104 vulgi;

261 1125 299 1188 et
323 1117 412 1190 nihil
437 1125 600 1216 potestas
624 1139 751 1214 regum
778 1114 936 1201 valebat,
963 1112 1029 1184 nisi
1054 1115 1153 1210 prius
1179 1116 1351 1188 valuisset
1375 1129 1496 1190 aucto·

260 1227 357 1300 ritas.
422 1227 536 1324 Igitur
567 1225 688 1301 Dimni
721 1227 876 1324 primum
910 1222 1064 1296 cadaver
1103 1224 1267 1314 infertur,
1310 1228 1497 1324 plerisque,

210 1337 346 1434 mquid
378 1347 558 1436 parasset,
590 1363 708 1436 quove
743 1361 829 1408 casu
861 1335 1039 1408 extinctus
1075 1344 1184 1426 esset,
1216 1336 1356 1432 ignaris.
1417 1336 1498 1412 Rex

260 1445 389 1522 deinde
426 1448 464 1520 in
503 1448 707 1521 contionem
744 1444 920 1545 procedit,
958 1447 1062 1518 vultu
1096 1447 1297 1544 praeferens
1337 1446 1496 1520 dolorem

231 1557 380 1630 animi.
446 1557 656 1631 Amicorum
689 1581 832 1654 quoque
866 1554 1043 1628 maestitia
1077 1557 1361 1655 expectationem
1400 1558 1497 1631 haud

227 1685 413 1763 sparvam
438 1670 491 1743 rei
516 1669 660 1743 fecerat.
711 1666 785 1741 Diu
818 1691 885 1740 rex
916 1665 1070 1740 demisso
1095 1668 1132 1740 in
1158 1677 1291 1740 terram
1316 1669 1421 1742 vultu
1446 1678 1498 1742 at·

262 1778 378 1852 sonito
410 1780 640 1878 stupentique
672 1778 794 1852 similis
826 1778 935 1851 stetit
996 1775 1157 1881 Tandem
1190 1790 1334 1876 recepto
1366 1781 1495 1871 animo,

261 1887 382 1983 Puera,
395 1891 520 1987 inquit,
534 1891 661 1982 ruditas,
673 1889 844 1965 maban
867 1887 984 1963 scelere
1009 1889 1098 1962 vobis
1123 1901 1251 1986 ereptas
1276 1915 1371 1965 sum.-
1396 1891 1497 1964 deum

254 2001 471 2098 providentia
495 2011 527 2075 et
550 1999 780 2075 mesericordia
813 2000 897 2074 vivo.
952 1995 1212 2101 Conspectusqroe
1242 2002 1344 2076 vesta
1365 2025 1499 2076 venna·
1540 2057 1544 2065 .

236 2111 337 2187 'biba
363 2111 474 2214 coepit,
498 2124 537 2185 ut
560 2112 778 2188 naumann
797 2108 985 2209 pmmailis
1010 2111 1186 2205 irascerer,
1221 2113 1378 2212 quomam
1397 2136 1499 2212 prae·

265 2321 289 2366 1.
318 2312 458 2366 Eleum
479 2318 571 2366 tutem
593 2329 646 2366 uon
664 2311 692 2366 hi
709 2312 804 2378 solum,
821 2311 868 2364 sed
903 2327 1059 2381 quamquam
1077 2327 1129 2432 par
1159 2327 1187 2365 nc
1213 2329 1265 2366 non
1292 2311 1499 2383 improbandum,

263 2396 355 2435 omnes
381 2381 502 2450 (praeter
518 2379 590 2436 Flor.
609 2379 636 2434 H
656 2380 739 2434 Bern.
756 2378 795 2448 B)
819 2395 868 2450 pro
902 2377 1052 2432 coniectura
1091 2378 1145 2432 unii
1171 2398 1188 2433 a
1211 2379 1303 2433 Modio
1325 2380 1436 2450 probata
1453 2397 1499 2432 na-

329 2487 336 2502 .
353 2450 467 2504 locvm
483 2448 618 2530 exhibent.
807 2517 813 2528 .
902 2455 965 2526 ²⁰¹9.
976 2446 1094 2528 videtur-‚¹
1106 2455 1179 2502 certe
1194 2456 1329 2519 comparet
1345 2447 1459 2518 primum
1472 2448 1500 2502 in

263 2534 365 2638 Pluril'
383 2516 869 2663 ³²’rdibi8⁸ndrlnlldriervixiraipelddgriatandi
903 2515 1019 2650 edquqne
1036 2514 1228 2663 {qpreqpamd
1244 2601 1356 2663 perram
1373 2585 1420 2636 rei.
1428 2585 1498 2654 sec]

264 2670 300 2706 ex
317 2652 423 2708 nomine
447 2655 526 2707 rurba
550 2653 648 2720 miror,
674 2670 736 2706 nam
753 2668 791 2706 nc
806 2651 869 2704 abbr
904 2650 949 2705 Sic
973 2669 1084 2721 primum
1114 2651 1178 2704 edit.
1204 2651 1328 2704 Modum
1358 2652 1499 2704 secundum

265 2739 320 2776 non
335 2719 406 2776 solat
424 2721 542 2777 curtim.
559 2720 635 2774 Nihil
652 2729 741 2774 tumen
758 2735 775 2772 e
791 2719 869 2773 codd.
904 2737 985 2772 unum
1008 2720 1066 2773 cod.
1083 2719 1153 2773 Flor.
1172 2717 1197 2772 G
1215 2724 1255 2786 (ct
1271 2719 1327 2772 Pal.
1345 2726 1360 2774 8
1379 2717 1500 2788 Gmteri)

265 2805 315 2843 neo
336 2795 434 2844 nostris
459 2805 510 2843 neo
530 2788 641 2844 eliorum
664 2795 802 2842 euentum
818 2795 869 2853 est,
904 2805 963 2840 eum
980 2796 1058 2841 antea
1075 2789 1100 2842 ei
1117 2787 1260 2856 legeretur,
1302 2788 1354 2840 uod
1377 2787 1404 2841 in
1422 2787 1499 2842 codd.

264 2865 294 2912 st
309 2857 395 2912 simile
416 2857 517 2938 aliquid
538 2865 581 2939 est
596 2872 641 2922 IV,
660 2863 693 2910 55
711 2857 870 2924 Paruyaeo-
904 2855 1010 2926 optimis
1032 2865 1081 2910 est.
1115 2855 1285 2936 Deterioms·
1324 2859 1361 2910 ud
1377 2857 1445 2936 enim
1453 2858 1500 2935 sq-

264 2927 870 3062 mt‘m‘tdtlmtffitffl
903 2933 997 3044 illl,
1015 2921 1501 3071 dssfftablltsslllalffi

300 3067 324 3128 s.
343 3067 386 3116 25.
422 3065 454 3115 de
471 3061 629 3130 capitalibus
646 3063 723 3115 rebus
741 3091 776 3102 -
797 3077 870 3112 exer-
904 3059 1037 3128 gendum,
1058 3061 1137 3130 idque
1176 3075 1244 3113 nore
1260 3059 1324 3113 edit.
1342 3075 1500 3130 receperam.

261 3131 343 3198 drus]
379 3129 425 3184 Sic
445 3128 554 3183 Medius
574 3130 660 3184 locum
681 3127 820 3183 constituit
837 3143 870 3178 ex
905 3128 984 3181 Nuue
1013 3128 1078 3181 redii
1107 3129 1140 3180 ad
1197 3127 1317 3182 odianam
1344 3128 1501 3199 scripturam

266 3197 399 3268 optimis:
426 3197 460 3250 In
495 3197 670 3252 deterioribus
705 3197 870 3266 inquirebant
904 3197 1019 3249 ciusdem
1036 3195 1190 3250 sententiaa

264 3265 377 3336 legitur,
401 3273 432 3320 ct
456 3265 565 3336 pluralis
591 3263 693 3319 numeri
721 3262 871 3334 explicandi
939 3267 962 3332 ς.
980 3271 1005 3317 2.
1038 3267 1167 3318 bertinum
1183 3266 1289 3335 scelere]
1321 3263 1415 3317 Deleri
1431 3265 1501 3335 quod

266 3351 344 3387 causa
359 3334 510 3388 addebatur
525 3333 607 3386 etiam
624 3349 698 3403 repes
712 3341 774 3404 post
786 3333 870 3385 rebus.
905 3334 1092 3403 practarMod.
1109 3332 1136 3385 in
1152 3332 1213 3386 cdd
1230 3332 1349 3386 omnibus
1366 3341 1408 3385 est
1421 3351 1501 3402 pou·

266 3400 333 3454 lndc
354 3419 424 3456 nova
446 3401 586 3455 amnites
609 3400 746 3466 oriebatur
770 3409 803 3453 ut
824 3416 870 3452 en-
904 3418 1012 3454 coram
1030 3403 1166 3454 lominum.
1200 3405 1242 3456 Ac
1262 3400 1322 3453 ride
1344 3418 1423 3471 quam
1443 3418 1502 3456 ora-

266 3469 386 3539 plerctur
411 3469 551 3548 insequens
578 3485 687 3523 comma
722 3468 792 3522 Vide
815 3472 870 3537 Ap-
905 3468 972 3522 toric
989 3468 1038 3523 sibi
1052 3468 1239 3540 respondeant3
1257 3468 1502 3523 hominumscelere

266 3537 346 3607 pond.
380 3537 457 3592 Hace
477 3537 561 3617 igitur
582 3536 670 3592 omnia
685 3536 792 3591 Medius
809 3553 870 3590 con·
905 3537 978 3590 vobis
1001 3545 1108 3617 ereptus
1129 3553 1200 3602 rum,
1226 3536 1304 3590 deum
1326 3536 1502 3592 misericordia

266 3603 365 3671 stituit,
383 3607 431 3659 sed
448 3613 477 3659 et
494 3621 553 3676 ipse
569 3613 598 3659 et
615 3604 709 3676 reliqui
726 3605 870 3659 cmisemnt
905 3605 976 3658 virol
1003 3605 1057 3669 Qui
1074 3605 1202 3675 spodosin
1219 3605 1379 3675 negligebat,
1397 3621 1502 3658 necem

266 3672 870 3812 ttttltttrttttttrnttt
903 3673 1129 3796 attriti?
1156 3673 1370 3796 mmet?
1387 3673 1501 3796 ‘llll

266 3811 391 3878 mlebct).
425 3810 494 3864 Mox
519 3811 611 3863 Dimni
622 3811 739 3880 primum
757 3811 871 3862 cadaver
903 3827 969 3861 rurn.

184 3881 189 3889 '
266 3895 316 3948 pro
344 3876 418 3948 vulg.
443 3880 558 3947 primm
578 3879 671 3931 Dimnr'
697 3879 756 3931 cod
799 3875 870 3929 Dedi
920 3879 1017 3946 -cooyr't
1035 3888 1062 3932 ut
1080 3909 1114 3919 —-
1130 3880 1269 3946 irascerer]
1301 3877 1346 3932 Sic
1362 3879 1503 3932 ediderunt

266 3946 410 3998 meandum
436 3945 500 3998 edit
526 3945 601 3999 Mod.
626 3954 656 3999 et
676 3946 778 4000 codices
794 3943 869 3998 Leid.
902 3944 1204 4013 Iunius,Modius‚slii‚
1222 3945 1428 4012 commessura,
1446 3947 1502 4017 opi-

267 4011 344 4067 Vocs.
364 4021 375 4066 1
397 4013 477 4067 Ber-n.
495 4015 522 4067 A
538 4013 610 4068 Flor.
627 4012 737 4068 Asca.
905 4031 961 4078 nor,
980 4030 1039 4066 nam
1057 4012 1117 4067 libri
1134 4013 1184 4067 mei
1200 4013 1305 4086 quidam
1322 4030 1413 4066 omnes
1426 4017 1501 4082 coqu.

301 4083 368 4150 quid
384 4085 521 4162 parasset]
557 4080 671 4135 Restitui
693 4089 810 4134 veterem
833 4081 870 4134 lc·
905 4099 971 4134 unus
988 4089 1016 4134 ct
1033 4081 1100 4135 alter
1117 4099 1151 4136 cx
1168 4082 1229 4136 olim
1244 4081 1343 4136 collatis
1357 4093 1437 4150 copel,
1455 4085 1502 4135 sed
1616 4091 1622 4100 '

267 4148 383 4204 ctionem
395 4151 460 4203 edit.
474 4149 559 4220 prmei
579 4149 637 4203 ieet
650 4143 772 4215 Aldinae,
791 4166 870 4219 quam
904 4149 1047 4203 neccssaria
1082 4159 1123 4203 cst
1161 4150 1295 4204 correctio.
1350 4149 1501 4204 Perfectum

266 4217 378 4297 candem
399 4217 503 4272 codices
525 4167 646 4272 meliores
664 4225 780 4298 tuentur.
815 4217 870 4270 De·
904 4227 1055 4288 temporeo
1074 4219 1198 4288 pertinet,
1217 4217 1501 4288 quoddiucogitabun-

268 4293 380 4339 tenores
396 4287 499 4340 babent
515 4289 582 4356 quid
592 4293 790 4357 persuasuram
799 4285 868 4340 Flor.
903 4286 952 4338 dus
969 4294 1081 4339 steterat
1099 4302 1153 4339 ren

204 4359 223 4408 ,’
268 4349 303 4406 G.
338 4352 418 4416 Quod
439 4354 520 4425 vulgo
542 4373 612 4410 nunc
634 4354 722 4410 editur
734 4365 869 4425 pubescet
937 4355 1393 4424 quonicmproecipuusimmounusl
1412 4354 1501 4426 Vulgo
