3336 5066
591 293 641 346 nn
670 296 784 350 onsrs
814 297 925 348 snnx.
960 297 996 364 v,
1027 294 1053 348 a.
1364 277 1436 348 167

191 479 282 576 plex
307 477 477 570 occurrit,
513 479 640 554 urbem
666 503 775 574 seque
802 475 947 552 dedens.
1002 472 1135 550 Gratus
1160 478 1337 558 sdventus
1364 480 1440 554 eius

190 589 273 686 regi
296 589 373 680 filit,
400 593 531 689 quippe
558 590 678 686 magni
704 587 822 686 operis
849 587 989 664 obsidio
1015 589 1147 662 futura
1161 600 1239 662 erat
1266 600 1339 664 tem
1365 617 1441 666 mu·

137 719 173 767 18
194 702 294 776 uitae
330 702 438 776 urbis.
493 699 553 772 Ad
585 701 654 773 hoc
687 699 742 772 vir
767 699 930 789 illustris,
966 711 1003 773 et
1034 725 1143 773 manu
1168 710 1365 798 promptus,
1390 704 1441 776 fa·

194 837 326 911 meque
351 813 462 898 etism
488 811 652 906 proximo
680 813 816 910 proelio
843 811 1012 900 celebris,
1045 821 1083 883 et
1107 821 1244 884 ceteros
1271 811 1318 884 ad
1344 810 1442 886 dedi·

197 924 332 996 tionem
373 921 429 992 sui
469 921 681 998 incitaturus
726 923 892 1019 exemplo
927 921 1127 995 videbatur.
1195 919 1307 1019 Igitur
1344 925 1439 998 hunc

141 1057 175 1104 ra
196 1033 341 1131 quidem
386 1033 542 1132 benigne
589 1061 671 1109 cum
710 1034 830 1106 liberis
870 1033 1019 1130 excipit:
1067 1042 1225 1106 ceterum
1264 1033 1440 1132 quadrato

196 1144 354 1242 agmine,
389 1143 488 1241 quod
519 1147 598 1244 ipse
632 1144 803 1235 ducebat,
833 1145 937 1218 velut
961 1145 999 1217 in
1025 1141 1137 1217 eciem
1161 1143 1270 1234 irent,
1300 1145 1439 1244 ingredi

195 1280 282 1330 suos
305 1256 416 1331 iubet
455 1255 589 1355 Magna
614 1281 698 1354 pars
713 1256 994 1357 Babyloniorum
1020 1254 1230 1330 constiterat
1253 1255 1291 1330 in
1316 1257 1437 1349 muris,

195 1367 304 1442 avida
336 1368 577 1466 cognoscendi
608 1393 746 1442 novum
779 1393 920 1468 regem,
964 1369 1084 1466 plures
1128 1366 1271 1458 obviarn
1305 1369 1440 1466 egressi

69 1553 73 1558 .
136 1497 177 1548 ro
194 1491 290 1554 sunt.
342 1480 443 1554 Inter
467 1504 558 1576 quos
583 1479 832 1577 Bcgophanes,
859 1479 950 1553 arcis
977 1489 1015 1554 et
1038 1479 1158 1576 regiee
1183 1481 1353 1576 pecuniae
1378 1505 1437 1553 cu·

194 1602 287 1681 stos,
321 1617 367 1666 ne
399 1590 520 1665 studio
547 1617 569 1664 a
595 1589 743 1665 Mazaeo
779 1592 1001 1681 vinceretur,
1036 1600 1154 1664 totum
1187 1593 1256 1664 iter
1288 1591 1437 1666 floribus

194 1703 409 1801 coronisque
439 1716 703 1795 constraverat,
730 1704 909 1801 argenteis
942 1702 1115 1776 altoribus
1139 1709 1293 1798 utroque
1326 1703 1438 1779 latere

193 1811 386 1912 dispositis,
411 1841 505 1913 quae
530 1841 604 1890 non
629 1826 711 1890 ture
737 1813 862 1906 modo,
897 1813 963 1889 sed
988 1814 1153 1888 omuibus
1179 1813 1350 1890 odoribus
1377 1841 1436 1890 eu·

135 1927 403 2000 simulaverat.
456 1925 563 2002 Dona
587 1952 671 2002 eum
697 1929 956 2025 sequebantur,
982 1949 1109 2026 greges
1136 1943 1437 2024 pecorum'equo·

191 2063 359 2135 rumque,
391 2038 514 2112 leones
548 2063 691 2136 quoque
718 2048 756 2112 et
781 2036 946 2138 pardales
982 2037 1100 2112 caveis
1134 2036 1436 2135 praeferebantur.
1532 2097 1540 2136 z

135 2165 175 2216 aa
192 2147 290 2248 Magi
316 2147 466 2240 deinde,
483 2173 548 2223 suo
575 2172 675 2223 more
701 2175 846 2223 carmen
872 2159 1053 2240 canentes,
1066 2158 1151 2248 post
1176 2148 1241 2221 hos
1250 2145 1436 2242 Chaldaei,

75 2331 77 2334 .
192 2259 551 2360 Babyloniorumque
569 2287 644 2336 non
670 2273 773 2336 vates
799 2259 924 2352 modo,
951 2259 1151 2334 sedetiam
1176 2257 1328 2334 artifices
1354 2287 1436 2339 cum

192 2369 324 2446 fidibus
356 2373 413 2448 sui
444 2372 586 2470 generis
618 2374 750 2474 ibant.
778 2371 928 2448 Laudes·
959 2373 997 2446 hi
1022 2395 1148 2470 regum
1174 2395 1301 2446 canere
1328 2373 1435 2466 soliti,
1471 2368 1473 2374 ’

193 2481 365 2558 Chaldaei
389 2483 549 2558 siderum
573 2496 694 2558 motus
720 2495 759 2557 et
782 2493 938 2558 statutas
970 2485 1066 2559 vioes
1092 2493 1292 2581 temporum
1318 2496 1436 2560 osten·

192 2699 332 2767 etVossl,
350 2695 508 2766 videtmque
525 2693 635 2747 verbum
653 2705 710 2748 erne
727 2693 799 2748 inter
833 2701 865 2748 ut
886 2701 928 2748 ert
950 2693 978 2748 in
996 2691 1070 2748 mstis
1087 2702 1117 2747 et
1151 2691 1219 2748 raeci
1238 2692 1291 2747 itur
1308 2711 1325 2748 a
1342 2694 1436 2750 Cheri·

182 2767 284 2835 surm
301 2773 331 2818 et
348 2775 401 2819 tam
418 2763 511 2818 ebrum
528 2777 593 2816 esse.
614 2762 799 2833 Vulgoeditur
832 2761 889 2830 sio,
911 2763 944 2818 ct
966 2761 1091 2816 Schneid.
1126 2778 1197 2842 lem.
1248 2761 1307 2816 .L.
1351 2771 1435 2820 .2oo.

182 2835 241 2903 sat.
258 2843 316 2886 erat
333 2835 444 2900 amidio,
462 2830 570 2886 Medius
577 2834 678 2902 sutura
697 2833 798 2886 obsidio
833 2831 923 2885 Etiam
948 2831 984 2886 W
1039 2847 1102 2910 erus
1125 2848 1151 2884 nr
1179 2829 1306 2910 Ortbogr.
1331 2781 1435 2904 b'ergil.

191 2901 324 3024 &affl
340 2899 555 3022 ιιι1111111311ίὲῐίθὲὀ
557 2899 574 2952 l
592 2917 670 2971 posse
687 2900 797 2954 verbum
833 2899 971 3023 simpqur
1020 2899 1103 2953 edroer
1120 2907 1279 2952 sustentate
1296 2909 1396 3024 thqmtqnt

555 3008 584 3022 ..
838 2999 841 3008 ι
886 3009 893 3023 .
950 3008 959 3022 .
1074 2985 1144 3020 more
1184 2985 1274 3021 annea

190 2987 251 3107 ωξ.
271 2987 459 3108 leffium
469 3067 504 3090 -.-
521 3037 643 3108 celebris]
661 3035 734 3092 Flor.
746 3035 798 3090 BG
833 2972 956 3091 Passum
967 2986 1078 3094 ermen
1095 2985 1343 3107 editscexempleris
1359 2972 1435 3118 prddd

107 3161 112 3168 ,
184 3111 327 3176 famaque
345 3124 382 3178 qn
435 3105 554 3178 pertinet
576 3107 612 3159 ad
635 3122 695 3158 aem
718 3122 799 3176 quae·
833 3116 877 3160 ter
892 3105 1063 3170 Medianum,
1088 3105 1134 3158 sed
1157 3103 1261 3158 videtur
1277 3105 1435 3162 ediecurum
1499 3167 1502 3174 ,

191 3177 313 3241 ctionem,
330 3193 411 3246 quem
426 3173 542 3229 Μή
563 3173 591 3227 in
609 3191 720 3244 gramm
736 3173 797 3228 Lot
832 3183 933 3228 temere
959 3174 1012 3228 buc
1032 3174 1066 3227 ab
1092 3173 1236 3230 editoribus
1256 3190 1290 3227 ex
1313 3174 1395 3240 tm,
1419 3185 1433 3230 7

192 3249 286 3310 &1⁰⁰
303 3253 358 3299 not.
378 3253 416 3308 1,
438 3243 484 3297 ubi
511 3242 597 3297 erravi
623 3244 696 3314 quod
723 3242 799 3314 plura
831 3242 991 3314 repetitum:
1015 3242 1093 3297 codd.
1109 3250 1182 3296 certe
1199 3259 1288 3296 omues
1306 3245 1389 3298 nostri
1406 3254 1435 3299 et

190 3311 314 3382 exempla
341 3313 413 3384 apud
444 3311 568 3368 Curtium
598 3311 722 3365 inveniri.
741 3311 796 3365 dixi
832 3311 913 3366 Snrlr.
939 3311 1072 3384 ignorant.
1108 3311 1179 3364 Tum
1200 3313 1228 3363 lu'
1249 3311 1368 3366 dedimus
1386 3332 1434 3385 pro

191 3381 248 3435 eius
264 3387 365 3436 tonnas
380 3397 450 3453 quae
465 3389 508 3434 est
529 3382 637 3434 celebris
654 3380 682 3434 in
699 3396 797 3450 genere
830 3381 903 3451 vulg.
920 3382 942 3433 r'i
959 3398 994 3434 ex
1011 3379 1144 3452 plerisque
1160 3386 1189 3432 et
1205 3379 1355 3435 melioribus
1372 3400 1433 3438 mss.

190 3450 297 3504 masml
333 3449 419 3504 Immo
435 3449 500 3504 alibi
517 3457 559 3503 est
576 3450 674 3502 celeber
692 3464 743 3517 vn,
764 3456 794 3503 lc
830 3447 954 3503 Pertinet
971 3450 1005 3502 ad
1024 3448 1145 3514 ultimos,
1168 3456 1241 3501 rates
1259 3448 1434 3522 artificesque,

77 3575 81 3584 ,
191 3527 220 3572 et
237 3533 304 3586 vm,
322 3525 371 3588 80,
390 3525 415 3576 9.
830 3519 888 3572 ie
941 3516 1170 3586 ''taeaemusici,
1192 3515 1435 3588 quisisueriutet

224 3606 284 3642 cnm
304 3589 395 3642 liberis
415 3588 476 3641 cxci
498 3587 526 3709 tp]
570 3586 660 3656 Vulgo
687 3588 795 3656 excepit,
829 3587 880 3660 ipsi
930 3586 1046 3655 buldeei,
1076 3585 1191 3658 separati
1214 3595 1304 3640 tamen
1329 3597 1392 3641 suut
1418 3607 1435 3642 a

257 3673 353 3727 aequm
369 3656 451 3710 Bern.
527 3657 576 3710 lor.
585 3655 634 3709 ΑΒ
654 3654 795 3709 eumLeid
830 3655 1019 3710 sacerdotibus
1061 3654 1135 3726 nugi
1164 3653 1271 3724 quiden
1295 3673 1369 3710 suam
1395 3656 1434 3712 vi-

217 3743 269 3780 oss.
288 3733 311 3778 1.
831 3725 929 3778 dentur
946 3722 1123 3796 λειτουργίαν
1141 3721 1273 3778 cecinisse.

226 3797 251 3863 ξ.
269 3801 308 3848 19.
335 3795 364 3848 in
382 3794 465 3848 adera
483 3794 561 3862 irent]
592 3793 653 3847 Hoc
670 3811 686 3846 a
703 3791 795 3846 Medio
865 3803 979 3848 stolatae
1001 3795 1069 3848 cicer
1092 3795 1242 3862 temporum]
1279 3792 1351 3848 Olim
1368 3793 1433 3850 editi

191 3871 246 3916 est:
263 3863 323 3916 add
341 3871 408 3916 vett
426 3864 455 3915 in
472 3863 530 3916 acie
547 3863 624 3928 irent,
642 3860 736 3932 scripti
749 3879 796 3914 eu·
826 3872 944 3916 ‘statuta
961 3872 1037 3932 temp.
1055 3864 1137 3927 neca,
1165 3859 1239 3915 Mod.
1262 3871 1347 3916 stator
1364 3865 1432 3918 vices

190 3939 246 3985 tem
262 3931 345 3987 nostri
363 3930 465 4003 partim·
484 3934 514 3984 in
530 3933 588 3984 ocia
604 3931 642 3984 mi
660 3941 717 3984 rent
754 3949 796 3984 ar·
830 3943 990 4012 temporina,
1017 3931 1088 3984 unde
1109 3929 1254 4000 composita
1274 3947 1344 3986 nuuc
1360 3931 1432 4002 vulg.

190 4000 239 4054 tim
256 4003 285 4052 r'n
303 4002 386 4054 ason
403 4002 529 4070 miprent,
547 4017 615 4052 unus
656 3999 705 4054 lor.
724 3949 795 4054 (din
830 4007 962 4071 scriptura
982 4009 1067 4054 statos
1089 4009 1229 4068 torporem
1254 4000 1322 4052 vices
1339 4009 1433 4056 contre

189 4070 273 4122 aciem
307 4070 374 4122 trau
414 4070 488 4140 quod
527 4069 626 4122 snutrs
661 4075 795 4138 temptans
831 4069 911 4124 codd.
928 4087 989 4122 mss.
1024 4067 1086 4122 Scio
1111 4067 1181 4138 quod
1207 4066 1346 4122 discrimen
1362 4068 1433 4123 inter

189 4127 339 4192 setonam
355 4136 465 4208 corrigit
482 4141 510 4191 in
528 4140 584 4191 acic
600 4138 730 4206 mictum.
829 4137 968 4210 participia
990 4148 1075 4191 statur
1098 4144 1127 4190 et
1151 4146 1277 4201 statutas,
1303 4138 1375 4208 quod
1397 4140 1432 4192 ad

225 4211 248 4273 s.
267 4213 308 4261 21.
337 4209 407 4260 douo
430 4225 523 4260 eamr
556 4208 684 4260 rebamur
705 4224 795 4260 omnes
830 4207 1047 4278 significationem
1097 4205 1203 4270 rtineat,
1222 4222 1278 4258 esse
1294 4206 1432 4261 docuerint

188 4273 249 4328 libri
267 4293 327 4329 mss.
344 4275 428 4330 nostri
446 4283 475 4327 et
492 4274 547 4328 Sne
568 4315 583 4342 .,
602 4275 681 4346 longe
699 4275 796 4330 rectius
831 4274 997 4347 grammatici
1030 4274 1056 4330 vi
1075 4292 1090 4328 e
1107 4273 1280 4329 Forcellinum
1303 4273 1331 4328 in
1347 4274 1432 4330 lexico

187 4361 267 4413 quam
275 4343 602 4424 quodvulgeediturcunt
619 4348 688 4398 dona
706 4363 796 4426 reque-
832 4344 1004 4400 annotatione
1049 4343 1228 4424 rakcnborcbii
1250 4343 1283 4396 ed
1301 4341 1368 4398 Livii
1386 4344 1432 4398 lib.

186 4416 290 4470 tama.
311 4413 469 4468 Pauloente
485 4423 542 4466 tare
554 4414 722 4469 scribendum
737 4415 797 4484 luit,
832 4429 915 4483 xxrv,
934 4421 977 4482 27,
998 4423 1010 4468 1
1030 4415 1131 4484 usum),
1149 4431 1181 4467 ac
1197 4413 1272 4467 udeo
1289 4415 1431 4470 secundum
