3330 5050
595 761 642 864 Q.
681 763 908 848 CURTII
948 761 1102 846 RUFI

823 971 872 1020 Da

728 1125 980 1196 GESTIS

346 1337 954 1504 Anaxaanar
1010 1337 1340 1462 Macar

631 1553 763 1642 namn¹
785 1585 1068 1642 macenorum

722 1773 863 1841 LIBER
880 1775 974 1842 vm.

776 2021 928 2032 —u-—-—

689 2249 1011 2312 ARGUMENTUM.

303 2437 343 2501 (1)
360 2431 514 2487 Alexander
531 2430 621 2486 divisio
638 2433 720 2504 copiis
742 2433 853 2488 rebelles
877 2433 1055 2506 persequitur:
1080 2433 1246 2506 Spitamenes
1267 2449 1328 2488 oum
1348 2432 1472 2488 axnh‘bua

233 2507 393 2576 Bactrianis,
412 2509 553 2580 aaaunrptia
570 2509 598 2564 iu
615 2509 740 2564 auxilium
758 2510 841 2565 Dahis
858 2521 887 2565 et
903 2508 1075 2581 unientis,
1092 2511 1213 2566 Attinam
1231 2509 1393 2581 praelautum
1409 2509 1470 2564 Mn·

233 2585 360 2638 oedonum
379 2585 407 2639 in
423 2585 530 2640 insidiae
547 2587 704 2658 perductum
721 2588 890 2657 inter-ficiunt,
913 2589 959 2641 sed
977 2605 994 2640 a
1011 2587 1122 2642 Cratero
1139 2589 1300 2641 adventante
1317 2586 1470 2657 opprimun-

233 2669 285 2716 tur.
319 2661 472 2716 Alexander
495 2663 656 2718 Maracanda
677 2664 760 2731 redit,
786 2665 876 2736 ibique
898 2665 1044 2736 legationes
1061 2665 1218 2735 Scytharum
1240 2662 1328 2730 audit,
1355 2661 1470 2716 Phrata-

233 2738 358 2808 pheruem
369 2755 459 2809 regem
475 2739 686 2795 Chorasmiorum
700 2741 726 2794 in
745 2743 822 2795 fidem
840 2741 942 2814 aooipit.
969 2743 1035 2796 lnde
1046 2741 1156 2795 Bazaira
1168 2738 1351 2812 proficiscitur,
1370 2742 1412 2808 (t)
1421 2739 1470 2793 uhi

233 2813 260 2867 in
277 2815 396 2870 maximia
413 2815 518 2870 vivariis
536 2835 595 2870 cum
611 2826 673 2871 toto
691 2818 809 2873 exercitu
825 2829 946 2887 venatur,
964 2829 993 2872 et
1006 2820 1108 2874 loouem
1122 2816 1177 2888 ipae
1189 2817 1260 2870 solua
1273 2815 1379 2882 occidit,
1396 2817 1471 2887 quod

233 2907 267 2944 ae
284 2892 392 2963 posthac
408 2891 435 2945 sa
512 2893 612 2962 possit,
633 2895 741 2948 decreto
758 2895 931 2949 Macedonum
953 2897 1077 2950 sancitur.
1113 2899 1154 2963 (8)
1172 2892 1334 2947 Maracanda
1349 2909 1471 2945 ravenna

234 2966 334 3024 Clitum
493 2969 670 3024 iam'aenioria
686 2972 744 3026 loco
768 2971 918 3044 provinciae
930 2973 1085 3026 Bactrianae
1101 2971 1291 3042 praefuturum,
1315 2967 1470 3040 priusquam

233 3043 392 3112 dimitteret,
414 3045 534 3100 aohemni
551 3047 669 3102 convivio
687 3047 803 3103 adhibet.
838 3047 880 3103 Ibi
901 3049 985 3102 multa
1001 3049 1035 3101 de
1051 3067 1079 3102 se
1100 3047 1228 3118 gloriatus
1245 3044 1362 3116 Philippi
1379 3061 1471 3099 rernm

232 3130 365 3191 gestarum
382 3121 493 3191 gloriam
510 3123 606 3178 elevat.
642 3129 683 3194 (4)
707 3127 767 3192 Qua
783 3143 812 3180 re
830 3126 947 3180 irritatus
965 3125 1050 3180 Clitus
1070 3144 1124 3180 non
1146 3126 1225 3179 modo
1246 3123 1388 3176 defendere
1405 3121 1470 3175 Phi·

233 3197 341 3270 lippum,
360 3199 406 3251 aed
424 3197 505 3270 ipsius
523 3199 602 3254 etiam
618 3201 762 3257 Alexandri
779 3202 845 3258 act-ia
863 3201 973 3256 illudere
991 3203 1085 3273 coepit,
1104 3204 1145 3272 (5)
1164 3219 1212 3255 nec
1229 3201 1291 3254 dum
1308 3199 1472 3253 abstrahitur

232 3275 380 3329 aoonrivis
402 3275 508 3346 linguae
530 3278 626 3348 parcit,
650 3279 815 3349 quinetiam
838 3289 930 3351 aperta
952 3278 1069 3333 convicia
1090 3279 1160 3333 iacit.
1195 3275 1299 3332 Exiluit
1315 3275 1472 3329 Alexander

232 3359 363 3421 ruptaque
380 3350 481 3420 lancea,
498 3355 595 3408 trustra
613 3355 784 3412 retinentibus
801 3357 898 3424 unicis,
917 3357 944 3410 in
961 3356 1119 3411 vestibulum
1137 3353 1269 3426 procurrit
1286 3361 1314 3405 et
1332 3353 1470 3424 egredien-

233 3435 288 3479 tem
298 3425 398 3481 Clitum
410 3430 552 3485 tramlixit
585 3435 627 3502 (6)
645 3431 739 3486 Subita
755 3433 918 3504 poenitentia
935 3434 1049 3505 paruitas
1066 3433 1205 3503 semetipso
1222 3428 1373 3483 interimere
1390 3445 1471 3482 oona-

233 3511 292 3570 tm,
320 3503 468 3574 prohibitus
484 3507 669 3580 pertriduum
686 3509 799 3563 inclusus
817 3519 846 3562 et
867 3511 900 3563 ad
923 3509 1085 3564 moriendum
1107 3508 1256 3562 obstinatus
1278 3505 1361 3574 iacet,
1387 3507 1472 3561 donec

113 3587 115 3592 '
233 3580 329 3636 milites
346 3581 373 3635 vi
390 3581 566 3656 irrumpentes
583 3595 614 3638 ut
628 3585 717 3640 rivere
733 3585 797 3640 velit
815 3587 935 3658 precibus
947 3595 1053 3656 cogunt.
1088 3587 1130 3653 (7)
1148 3583 1262 3637 Dimisso
1271 3583 1470 3654 Hephaestione

235 3660 269 3712 ad
291 3669 467 3715 commeatum
492 3662 521 3716 iu
547 3663 659 3716 hiemem
685 3662 745 3715 anni
764 3669 814 3717 ³28
834 3695 865 3704 -
883 3670 932 3717 ³27
951 3681 975 3716 a.
986 3663 1048 3716 Chr.
1071 3663 1228 3733 parandum,
1255 3669 1284 3712 et
1309 3670 1417 3730 satrapa
1442 3660 1471 3712 in

233 3734 320 3790 locum
340 3737 405 3792 Cliti
430 3739 579 3792 constituto
608 3739 738 3808 Amynta,
763 3740 818 3810 ipse
844 3739 968 3810 Xenippa
996 3739 1174 3809 proficiscitur.
1220 3736 1355 3792 Bactriani
1378 3734 1470 3790 exules

234 3815 517 3884 pugnacumAmynta
533 3815 603 3870 fucta
620 3817 760 3887 pelluntur,
778 3817 882 3869 uoniam
900 3824 989 3868 nmen
1007 3814 1162 3868 desectionis
1179 3813 1329 3884 impetrant.
1357 3817 1397 3880 (8)
1407 3815 1471 3866 Ale·

235 3888 336 3941 xander
353 3887 379 3942 in
396 3890 541 3961 regionem,
560 3910 627 3965 quae
636 3893 756 3947 Nautaca
773 3893 930 3964 appellatur,
949 3893 1078 3961 pervenit,
1096 3891 1169 3945 ouius
1186 3889 1286 3943 aditum
1300 3889 1470 3959 Syaimithree

235 3965 382 4034 praefectus
399 3967 556 4023 muniverat
590 3970 716 4040 Perrupit
733 3979 821 4024 tamen
838 3986 896 4036 rex,
914 3969 960 4022 sed
977 3987 1037 4021 cum
1054 3967 1191 4038 voragines
1209 3967 1372 4037 superandae
1389 3964 1470 4019 etiam

234 4051 330 4108 went,
353 4043 397 4113 (9)
415 4042 538 4098 Oxarten
555 4047 636 4114 misit,
660 4048 706 4118 qui
723 4046 870 4116 Sysiruithri
888 4046 1064 4116 persuaderet,
1088 4053 1118 4097 ut
1136 4052 1238 4116 petram
1256 4043 1382 4098 traderet
1415 4041 1471 4096 Diu

234 4127 372 4172 cunctatus
381 4119 551 4188 Syaimithrea
568 4123 637 4193 regis
654 4125 780 4196 potestati
793 4141 850 4176 aeae
863 4121 988 4192 pennino,
1006 4130 1035 4174 et
1049 4120 1185 4190 imperium
1199 4118 1308 4190 recepit.
1335 4119 1394 4186 (10)
1405 4117 1471 4171 Inde

234 4203 335 4249 ceteros
352 4195 464 4251 rebelles
482 4215 542 4252 cum
559 4199 691 4270 equitibus
709 4209 783 4254 tant-a
799 4197 933 4254 celeritate
952 4206 1103 4268 persecutus
1119 4205 1175 4264 cat,
1203 4205 1233 4249 ut
1255 4194 1375 4268 plerique
1393 4195 1470 4266 pueri

235 4271 334 4326 nobilea
356 4273 515 4328 delicerent:
542 4293 609 4329 unua
631 4275 767 4347 Philippus
794 4275 903 4348 pedihus
929 4291 1031 4328 cursum
1053 4273 1120 4343 regia
1143 4273 1266 4344 aequavit
1288 4271 1470 4342 pugnavitque

234 4349 353 4416 sortiter,
383 4351 431 4404 aed
452 4351 516 4404 lusia
538 4352 656 4406 hostibus
677 4361 786 4423 propter
802 4349 908 4405 nimiam
929 4351 1122 4404 contentionem
1140 4350 1234 4404 virium
1250 4348 1321 4402 illico
1340 4347 1470 4418 collapsus

233 4429 366 4481 extinctus
383 4435 432 4481 eet.
468 4427 537 4482 Item
553 4428 689 4500 Erigyius,
716 4437 791 4482 votus
808 4429 878 4495 dux,
901 4427 993 4481 morbo
1010 4426 1129 4480 deceant.
1164 4429 1223 4496 (11)
1247 4425 1403 4495 Priusquam
1421 4443 1470 4479 rex
