3354 5052
246 327 319 398 402
379 333 384 346 “
713 341 747 404 c.
775 341 903 395 cuarrr
927 343 1012 395 auru

193 527 241 594 34
345 522 458 618 Igitur
472 521 679 598 Alexandro
705 525 792 598 fines
812 525 935 602 Indiae
960 527 1122 622 ingresso
1148 531 1311 628 gentium
1338 555 1490 606 suarum
1513 546 1543 594 Σ

243 633 357 731 reguli
377 647 618 725 occurrerunt,
644 637 816 736 imperata
830 638 967 729 facturi,
993 638 1094 710 illum
1113 641 1260 712 tertium
1278 641 1365 715 Iove
1390 644 1491 739 geni·

242 755 320 816 tum
346 744 393 818 ad
420 747 516 846 ipsos
544 750 747 848 pervenisse
773 762 1029 826 memorantes:
1066 749 1213 822 Patrem
1239 751 1408 826 Liberum
1434 766 1491 826 at·

241 882 310 954 que
345 857 538 934 Herculem
582 862 675 932 fama
710 863 870 958 cognitos
904 887 997 952 esse,
1042 861 1159 958 ipsum
1199 886 1320 934 coram
1357 863 1492 936 adesse

242 971 417 1067 cernique.
473 971 551 1043 Rex
577 972 728 1068 benigne
756 985 924 1070 exceptos
952 974 1052 1070 sequi
1079 972 1201 1061 iussit,
1228 971 1355 1045 iisdem
1381 975 1523 1046 ltine-2

241 1104 321 1152 rum
339 1080 490 1155 ducibus
511 1105 651 1154 usurus.
688 1079 854 1154 Ceterum
874 1107 954 1156 oum
975 1085 1127 1183 amplius
1143 1107 1250 1156 nemo
1270 1097 1491 1175 occurrerer,

239 1189 544 1289 Hephaestionem
570 1205 607 1264 et
632 1191 817 1266 Perdicam
843 1219 924 1266 cum
950 1195 1133 1292 copiarum
1164 1204 1269 1295 parte
1300 1196 1491 1294 praemisit

239 1301 287 1375 ad
340 1301 573 1402 subigendos,
627 1304 687 1400 qni
743 1317 995 1378 aversarentur
1045 1307 1251 1403 imperium:
1309 1307 1490 1403 iussitque

240 1411 287 1486 ad
311 1413 445 1490 flumen
471 1413 600 1488 Indum
626 1416 835 1513 procedere,
867 1427 905 1490 et
930 1416 1073 1514 navigia
1098 1417 1232 1507 facere,
1265 1419 1344 1513 quis
1370 1419 1406 1490 in
1434 1419 1488 1490 ul·

240 1525 372 1599 teriora
402 1526 639 1624 transportari
670 1539 793 1624 posset
819 1518 1016 1602 exercitus.¹
1067 1525 1141 1618 llli,
1173 1527 1258 1626 quia
1288 1529 1394 1627 plura
1417 1529 1523 1602 liu-s

238 1637 336 1711 mina
362 1636 566 1736 superanda
591 1647 708 1728 erant,
735 1639 785 1711 sic
810 1640 960 1714 iunxere
984 1663 1116 1730 naves,
1149 1651 1191 1712 ut
1217 1639 1357 1714 solutae
1385 1639 1488 1736 plau·

238 1751 304 1823 tris
328 1751 426 1823 -vehi
464 1760 631 1848 possent,
671 1775 863 1848 rursusque
901 1750 1079 1849 coniungi.
1138 1750 1229 1824 Post
1266 1775 1305 1824 se
1332 1749 1523 1827 &eteros

238 1885 321 1934 cum
346 1861 524 1960 phalange
550 1861 646 1936 iusso
672 1861 790 1958 sequi,
825 1863 1024 1960 equitatum
1049 1885 1092 1934 ac
1117 1859 1236 1950 levem
1261 1873 1485 1934 armannum

238 1971 375 2064 eduxit,
401 1997 545 2070 eosque,
572 1973 631 2070 qui
658 1985 895 2064 occurrerant,
921 1973 992 2047 levi
1017 1972 1155 2071 proelio
1181 1972 1220 2046 in
1245 1972 1374 2048 urbem
1398 1997 1483 2072 pro-

236 2084 371 2156 ximam
406 2085 587 2183 compulit.
645 2083 720 2156 Iam
753 2095 1011 2196 supervenerat
1042 2081 1223 2158 Craterus.
1276 2083 1403 2183 Itaque
1437 2097 1521 2158 uta
1567 2105 1572 2114 ·

235 2195 409 2295 principio
433 2204 609 2270 terrorem
635 2195 809 2269 incuteret
828 2195 927 2293 genti
945 2195 1108 2269 nondum
1128 2219 1230 2268 arma
1241 2193 1484 2270 Macedonum

237 2317 428 2406 expertae,
466 2307 655 2406 praecipit,
693 2331 740 2380 nc
763 2307 821 2380 cui
847 2318 1072 2404 parceretur,
1111 2306 1343 2380 munimentis
1368 2307 1482 2398 rubia,

236 2443 344 2516 quam
369 2418 573 2510 obsidebat,
609 2419 769 2493 incensis.
822 2416 990 2492 Ceterum
1022 2415 1110 2490 dum
1134 2417 1323 2514 obequitat
1347 2419 1520 2492 moeni-c

178 2581 184 2592 ·
236 2531 320 2622 bus,
347 2531 480 2628 sagitta
505 2531 597 2605 ictus
623 2541 686 2604 est
740 2527 844 2628 Cepit
868 2539 990 2602 tamen
1015 2529 1212 2629 oppidum,
1238 2539 1286 2620 et,
1312 2529 1480 2604 omnibus

235 2641 359 2716 incolis
384 2643 461 2716 eius
486 2641 690 2732 trucidatis,
716 2643 824 2715 etiam
849 2642 886 2714 in
912 2651 1008 2714 tecta
1033 2642 1212 2716 saevitum
1238 2651 1315 2714 est.
1461 2695 1464 2700 ,

184 2755 232 2824 35
337 2751 426 2826 Inde
453 2751 589 2826 domita
615 2753 760 2851 ignobili
777 2763 896 2852 gente,
923 2751 971 2824 ad
983 2751 1120 2852 Nysam
1147 2751 1274 2826 urbem
1300 2752 1477 2851 pervenit
1499 2773 1514 2820 a

233 2861 341 2938 Forte
366 2865 493 2938 castris
520 2877 604 2937 ente
630 2866 706 2964 ipsa
728 2865 868 2938 moenia
892 2865 929 2938 in
954 2865 1111 2937 silvestri
1136 2866 1215 2938 loco
1239 2863 1384 2962 positis,
1415 2888 1479 2936 no·

233 2991 401 3051 ctumum
427 2975 539 3075 frigus
554 2975 798 3052 vehementius
824 3001 932 3074 quam
958 2976 1046 3050 alias
1072 2977 1223 3051 horrore
1241 2999 1401 3074 ‚corpora
1426 2973 1477 3048 ai·

232 3090 331 3181 fecit,
364 3099 677 3187 opportunumque
703 3085 899 3162 remedium
924 3087 1016 3186 ignis
1044 3087 1206 3161 ablatum
1232 3095 1297 3162 est
1352 3083 1513 3160 Caesisa

233 3200 365 3299 quippe
391 3201 490 3272 silvis
516 3200 696 3272 flammam
721 3199 986 3291 excitaverunt,
1013 3225 1121 3297 quae,
1148 3201 1222 3298 igni
1247 3189 1349 3287 alita,
1376 3195 1476 3295 oppi-

268 3365 334 3437 Cap.
353 3373 402 3434 ³⁴,
429 3369 453 3436 §.
472 3373 494 3420 ¹.
548 3385 593 3420 nes
615 3367 719 3436 Indiae]
754 3366 834 3420 Bern.
870 3367 990 3421 omnibus
1008 3383 1068 3420 mss.
1086 3375 1140 3420 tem
1161 3383 1192 3419 ns
1209 3383 1334 3439 praesens
1353 3363 1397 3430 sit,
1416 3379 1475 3418 cor-
1535 3373 1538 3378 '

231 3435 258 3489 A
275 3434 346 3488 Flor.
364 3437 390 3488 A
406 3434 483 3488 Laid.
527 3453 578 3489 oss.
599 3443 609 3488 l
619 3437 698 3502 finis.
868 3445 995 3490 rexerunt
1025 3435 1063 3489 illi
1088 3383 1196 3506 quidem
1224 3435 1396 3506 obequitabat.
1432 3431 1474 3486 Os.

266 3508 289 3571 ς.
306 3511 331 3558 2.
357 3513 543 3558 conserentur
556 3507 591 3556 im
610 3506 698 3571 mum]
735 3505 834 3558 Adver-
868 3506 902 3558 ad
920 3519 965 3570 rv,
984 3511 1034 3584 82,
1050 3510 1093 3585 ³9.
1115 3503 1193 3585 Ι8.(εά
1211 3513 1248 3585 ‘3⁴¹
1266 3505 1342 3556 abest
1359 3519 1376 3556 a
1392 3499 1475 3572 pluri·

231 3581 355 3626 serentur
390 3573 462 3628 Flor.
496 3521 663 3652 BDElIiJHI
687 3573 777 3654 Baro.
808 3573 832 3626 B
867 3573 917 3654 mis
933 3583 962 3626 et
978 3581 1086 3654 optqmrs
1104 3571 1186 3638 lubria,
1204 3573 1311 3626 videtur
1327 3579 1418 3624 tamen
1427 3586 1475 3622 ex·

232 3640 311 3695 Voss.
329 3647 344 3694 2
362 3651 492 3762 ffirpetua
509 3641 672 3708 conlusrone,
700 3659 762 3722 qmq
779 3658 834 3695 ver-
868 3644 960 3696 crdrsse
983 3651 1073 3722 potrus
1100 3657 1181 3712 quam
1207 3641 1385 3764 supplendum
1410 3655 1474 3702 ene,

231 3710 587 3850 tw
600 3710 834 3846 staura?
867 3708 1394 3860 consecuturam,
1412 3775 1474 3856 a,

262 3852 285 3915 ξ.
303 3853 327 3900 4.
354 3866 397 3902 eos
464 3851 510 3928 qui
522 3849 698 3916 occurrerunt]
735 3848 832 3901 θεαιν-
866 3849 947 3928 verbe
963 3849 1055 3928 ordine
1065 3847 1231 3929 collocentur
1246 3865 1274 3900 m
1283 3845 1360 3901 codd.
1377 3853 1473 3928 nostru

228 3927 287 3970 rent
304 3915 375 3969 Flor.
440 3915 514 4006 Leqd.
532 3921 608 3970 Voss.
628 3923 638 3969 l
660 3915 731 3969 Bern
748 3916 831 4038 AFpr.
866 3917 1000 3982 omnibus;
1038 3925 1102 3969 rtem
1133 3917 1270 3986 aliquanto
1299 3923 1368 3987 post'
1394 3914 1472 4035 ndcqm

228 3983 831 4134 tattttt‘llt‘,lttt”tttnl
857 3984 1408 4134 tattlttttttttstttt‘ttt
1422 3997 1473 4104 »ἐξ

228 4129 830 4272 ᾗῖὓιὲᾜὲεῗῗορτηὲἑηᾷῃοᾘῐεεᾚῖοᾙ
866 4125 1132 4272 ¹Pisistidqpiriiiei'rgiai
1154 4192 1230 4258 alito]
1270 4191 1395 4272 Plomma
1416 4190 1471 4270 ipni

227 4276 321 4331 ngare,
340 4277 466 4341 quoniam
479 4261 513 4312 de
531 4278 583 4313 uno
597 4260 718 4313 conflictu
731 4261 830 4314 dictum
864 4262 928 4313 alito
946 4277 998 4341 non
1018 4279 1112 4314 mmna
1130 4259 1247 4340 Fabrurp
1265 4258 1393 4325 offendo,
1420 4267 1470 4340 qta-

227 4337 280 4393 est,
298 4345 425 4382 sermonis
444 4329 516 4400 leges
534 4347 589 4382 non
608 4329 703 4408 ferunt.
863 4345 913 4410 que
931 4331 1011 4400 lrpnr'r
1025 4330 1259 4382 ulituemendant.
1286 4327 1471 4408 l’ossesetram

275 4439 286 4478 .·
306 4404 329 4452 6.
349 4400 409 4476 dum
427 4399 556 4478 obequitqt
574 4429 607 4438 --
625 4408 690 4450 retus
707 4399 756 4470 est]
779 4397 828 4450 Fe·
864 4418 872 4449 r
891 4401 921 4450 ni
934 4401 1007 4462 clito,
1027 4407 1109 4469 atque
1126 4397 1164 4451 sic
1182 4397 1191 4451 i
1207 4414 1240 4478 'se
1257 4396 1469 4478 edideramohm.
1504 4443 1509 4452 .

226 4465 296 4520 felt
324 4467 440 4520 editores
468 4468 599 4534 latiorum,
626 4483 686 4519 nam
712 4483 771 4519 curn
801 4467 829 4520 in
884 4467 917 4519 ed
943 4467 1048 4520 videtur
1073 4467 1125 4522 alit
1142 4413 1284 4538 explentia
1301 4483 1330 4520 m
1355 4483 1387 4521 eo
1404 4481 1470 4534 esse,
