3324 5054
568 315 617 366 ua
645 316 773 370 ersus
799 317 910 368 arax.
943 313 1063 385 1v,50.
1367 299 1437 366 141

184 505 306 584 erant,
341 492 513 570 adiuncto
538 499 652 571 milite
677 494 844 570 mercede
871 495 1059 570 conducto.
1113 495 1271 572 Thracas
1297 525 1440 598 qaoque

137 627 167 673 se
184 606 293 678 simul
320 607 503 684 obiecerat
528 610 657 680 leviter
682 619 852 682 armatos.
895 607 1071 705 Adeoque
1097 608 1209 682 aciem
1226 611 1440 684 versabilem

185 721 326 816 posuit,
359 731 415 809 ut,
451 719 514 814 qui
543 717 658 790 ultimi
685 719 847 810 stabant,
875 743 921 791 ne
948 721 1234 810 circumirentur,
1269 719 1361 792 verti
1388 731 1440 792 ta·

185 855 290 923 men,
318 843 356 906 et
381 830 419 898 in
445 829 604 902 frontem
629 833 823 926 circumagi
851 841 1009 926 possent
1063 827 1188 924 Itaque
1214 855 1287 901 non
1314 831 1438 928 prima,

158 969 298 1038 .quam
325 947 450 1032 latera,
477 967 551 1014 non
579 943 694 1014 latera
720 941 915 1012 munitiora
940 941 1049 1028 fuere,
1077 965 1185 1034 quam
1212 950 1323 1037 terga

135 1070 168 1118 ³³
292 1051 360 1124 His
387 1055 438 1126 ita
463 1052 650 1142 ordinatis,
678 1051 862 1149 praecipit,
890 1061 946 1139 ut,
974 1051 1004 1120 si
1030 1049 1179 1122 falcatos
1206 1075 1331 1122 currus
1359 1051 1489 1122 cum5l

184 1163 335 1235 fremitu
361 1165 507 1238 barbari
534 1163 755 1251 emitterent,
789 1161 857 1258 ipsi
889 1161 1021 1234 laxatis
1053 1159 1240 1234 ordinibus
1266 1160 1440 1257 impetum

190 1271 453 1348 incurrentium
491 1272 634 1344 silentio
672 1273 899 1369 exciperent,
932 1271 1030 1344 haud
1062 1271 1191 1343 dubius
1230 1271 1306 1342 sine
1343 1295 1441 1344 noxa

185 1395 478 1472 nanscursuros,
511 1383 542 1454 si
574 1407 681 1456 nemo
714 1409 754 1456 se
786 1395 1001 1478 opponeret:
1037 1384 1092 1456 sin
1124 1376 1246 1454 autem
1272 1381 1347 1454 sine
1373 1381 1440 1453 fre·

185 1494 283 1566 mitu
313 1493 560 1580 immisissent,
599 1518 662 1565 eos
700 1494 768 1591 ipsi
800 1493 956 1565 clamore
992 1503 1183 1582 terrerent,
1218 1490 1440 1588 pavidosque

134 1620 168 1668 ar
185 1629 304 1699 equos
336 1606 418 1677 telis
454 1603 636 1700 utrimque
663 1591 895 1676 suffoderent.
949 1600 1019 1691 Qui
1045 1603 1212 1676 cornibus
1239 1615 1439 1699 praeerant,

185 1714 389 1789 extendere
421 1741 465 1789 ea
498 1715 602 1802 iussi,
634 1714 686 1786 ita
711 1725 753 1786 ut
778 1739 846 1786 uec
878 1715 1235 1803 circumvenirentur,
1271 1715 1301 1786 si
1327 1714 1439 1786 artius

135 1839 168 1888 ³⁵
186 1835 346 1916 starent,
378 1851 446 1900 nec
481 1838 604 1900 tamen
636 1825 799 1898 unimam
834 1825 948 1898 aciem
986 1826 1221 1896 exinanirent
1287 1821 1439 1922 Impedi-

185 1947 314 2008 menta
339 1962 422 2010 cum
449 1935 621 2033 captiva,
656 1937 751 2008 inter
786 1960 877 2032 quos
903 1947 1019 2008 mater
1044 1935 1217 2031 liberique
1243 1931 1352 2006 Darei
1379 1959 1437 2008 cu·

187 2045 458 2136 stodiebantur,
500 2043 598 2119 haud
636 2046 762 2144 procul
797 2046 873 2119 acie
910 2047 949 2119 in
983 2045 1080 2119 edito
1116 2045 1205 2118 colle
1243 2043 1438 2136 constituit,

185 2153 334 2228 modico
365 2156 546 2254 praesidio
578 2157 714 2229 relicte.
772 2155 934 2230 Laevum
960 2182 1087 2246 cornu,
1113 2156 1206 2228 sicut
1232 2156 1330 2247 alias,
1355 2153 1441 2228 Par·

187 2265 349 2338 menioni
375 2266 552 2340 tuendum
579 2265 723 2340 datum:
751 2267 892 2364 ipsein
919 2267 1049 2340 dextro
1066 2266 1207 2342 stabat

133 2393 168 2442 se
296 2375 466 2450 Nondum
493 2377 541 2450 ad
566 2377 701 2450 iactum
727 2378 790 2452 teli
815 2389 1065 2475 pervenerant,
1084 2401 1166 2450 eum
1178 2365 1269 2448 Bion
1296 2375 1441 2473 quidam

187 2487 391 2584 transfuga,
418 2499 554 2584 quanto
580 2487 740 2561 maximo
767 2513 874 2562 cursu
899 2499 1076 2586 potuerat,
1096 2487 1144 2560 ad
1169 2511 1290 2584 regem
1316 2513 1439 2584 perve-
1466 2543 1469 2550 .

187 2595 265 2666 nit:
290 2598 471 2689 nuntians,
497 2599 651 2671 murices
678 2599 814 2672 ferreos
841 2599 878 2670 in
905 2609 1038 2672 terram
1065 2595 1243 2670 defodisse
1269 2595 1438 2688 Dareum,

188 2731 266 2802 qua
297 2709 439 2781 hostem
472 2710 611 2806 equites
638 2711 853 2782 emissurum
879 2734 959 2782 esse
986 2707 1170 2798 credebat,
1202 2717 1438 2806 notatumque

133 2835 168 2883 ³7
189 2827 293 2890 certo
326 2819 429 2916 signo
464 2821 599 2909 locum,
634 2829 677 2892 ut
702 2821 800 2893 fratrs
828 2821 955 2894 evitari
982 2846 1004 2894 a
1029 2819 1102 2892 suis
1128 2830 1262 2917 posset
1314 2819 1440 2892 Asser-

188 2927 272 3000 vari
309 2930 496 3027 translirga
533 2931 630 3003 iusso
637 2987 646 3022 ,
688 2929 797 3004 duces
835 2940 1030 3005 convocat:
1073 2931 1308 3028 expositoque
1342 2929 1440 3027 quod

189 3037 398 3109 nuntiatum
424 3053 513 3130 erat,
539 3051 683 3131 monet,
709 3051 751 3114 ut
776 3043 959 3140 regionem
986 3051 1222 3114 monstratam
1249 3039 1437 3131 declinent,

190 3149 420 3246 equitemque
447 3151 647 3248 periculum
673 3151 858 3226 edoceant

226 3367 251 3431 §-
270 3371 313 3418 32.
342 3368 424 3418 aciem
443 3367 596 3420 aasabilon
615 3387 705 3423 omnes
723 3369 799 3423 codd.
835 3369 906 3424 Nam
923 3371 993 3440 quod
1011 3369 1114 3422 llodius
1131 3377 1224 3423 eontra
1241 3368 1358 3422 codicum
1375 3368 1438 3423 scri-

189 3432 277 3485 nostn'
315 3434 520 3488 raeterFlor.H
537 3445 565 3489 ct
582 3437 707 3504 Berall,
744 3455 800 3490 rae-
835 3449 942 3508 pturanr
964 3437 1053 3504 allert,
1080 3437 1107 3490 in
1132 3437 1215 3491 Darei
1236 3437 1354 3492 oratione
1381 3455 1438 3491 esse

190 3511 269 3552 terea
285 3451 360 3554 [leid.
377 3501 487 3556 Vosal
513 3512 543 3556 ct
559 3505 672 3562 Medius.
737 3505 800 3576 ulgo
836 3509 928 3560 viiletis
955 3509 1059 3560 ordines
1085 3523 1178 3573 raros,
1204 3524 1301 3558 cornua
1325 3516 1427 3558 extenta

190 3570 349 3622 emsatilem.
377 3569 468 3623 Etiam
486 3587 514 3638 V,
533 3579 576 3640 25,
597 3579 628 3626 15
647 3591 726 3644 quern
744 3593 800 3626 ver·
835 3577 947 3628 medium
969 3577 1050 3627 arion
1073 3593 1167 3627 verrom
1185 3585 1208 3627 01
1226 3577 1393 3638 exhaustum,
1412 3546 1439 3626 id

190 3637 404 3702 subilissortunu
417 3641 462 3705 ait,
477 3642 654 3694 documentum
669 3645 800 3712 ipserum.
835 3643 947 3696 sirecte
964 3642 1110 3696 consideres
1132 3641 1156 3694 ei
1179 3660 1231 3696 uon
1249 3643 1333 3696 obest.
1367 3641 1439 3696 Nam

228 3703 296 3774 Cap.
306 3713 349 3772 51,
368 3709 390 3784 5.
409 3713 452 3760 33.
471 3709 593 3778 inpetum
612 3711 800 3764 incurrentium
835 3710 987 3763 Alexander
1010 3711 1043 3762 de
1061 3719 1174 3781 utroque
1191 3728 1273 3764 coruu
1291 3726 1351 3762 curn
1368 3709 1438 3764 dice-

191 3789 284 3850 omues
315 3773 375 3851 libri
400 3773 463 3828 msti
488 3785 515 3828 et
537 3777 611 3832 llod.
629 3777 725 3845 editio,
747 3779 800 3832 cle·
835 3787 886 3846 ret,
906 3779 1047 3848 praefectos
1061 3778 1240 3832 curareiussit
1254 3778 1438 3848 neutriusque
1516 3795 1520 3803 ·

191 3847 300 3910 genuus
316 3849 397 3894 etam
417 3860 497 3912 quarn
516 3847 587 3914 quod
604 3846 694 3898 editur
710 3864 801 3899 occur·
836 3865 928 3900 eoruns
951 3857 1084 3900 extremae
1105 3855 1208 3918 partes,
1235 3864 1302 3918 quae
1324 3847 1437 3900 medium

191 3911 314 3962 scirtium.
348 3909 415 3963 Mox
457 3915 570 3983 reccepit
593 3913 666 3968 Flor.
683 3913 800 3970 DEFGI
835 3916 918 3970 totius
937 3915 1001 3969 acici
1019 3915 1144 3982 efficiunt,
1162 3915 1368 3968 exinanirentur.

192 3976 400 4031 10020111
437 4019 444 4030 .
870 3987 894 4050 s.
912 3991 953 4038 35.
989 3987 1062 4038 hored
1072 3987 1168 4052 procul
1185 3985 1253 4054 acic]
1278 3983 1349 4038 Olim
1366 3983 1438 4054 lege·

228 4047 252 4112 §.
269 4051 312 4098 34.
338 4063 385 4099 nec
403 4057 489 4100 tumen
508 4051 626 4104 ultimam
644 4053 799 4106 001000001-
835 4053 914 4106 batur
941 4055 974 4105 01
1000 4055 1063 4106 acie.
1104 4051 1210 4106 Medius
1237 4051 1365 4118 correxit,
1392 4054 1439 4106 sed

192 4115 329 4190 nunireru]
379 4115 504 4170 Ultimum
535 4117 563 4172 in
584 4120 661 4174 codd.
679 4120 800 4174 omnibus
835 4139 974 4192 operarum
1006 4137 1094 4174 errore
1128 4124 1210 4174 aciem
1237 4120 1328 4176 edidit.
1374 4123 1438 4174 Acie

192 4179 292 4260 legitur
300 4195 328 4234 ct
336 4183 396 4236 edd.
407 4184 575 4256 principibus.
593 4188 679 4241 Aldus
688 4188 800 4259 prirnurn
835 4207 926 4242 verum
945 4197 986 4242 est
1003 4199 1031 4242 et
1048 4189 1084 4243 sic
1101 4188 1169 4244 solet
1187 4187 1309 4258 Curtius,
1328 4188 1387 4242 vide
1404 4191 1438 4244 ad

192 4251 304 4326 niernum
327 4253 460 4320 correxit,
486 4256 557 4324 quod
579 4255 662 4310 ceteri
684 4257 799 4312 editores
835 4265 990 4324 1V,25,3.

192 4325 370 4397 retinuerunt,
390 4339 443 4374 uon
461 4323 556 4378 facturi
574 4325 684 4378 forsitan
697 4325 719 4378 si
730 4326 799 4380 vocis
870 4331 892 4395 ξ.
913 4334 955 4381 36.
991 4329 1028 4381 nil
1049 4330 1144 4382 iactum
1171 4331 1225 4398 teli]
1261 4329 1321 4383 lloc
1346 4329 1438 4382 ordine

192 4395 379 4442 auctoritatem
402 4389 501 4446 nullam
527 4409 584 4448 esse
605 4394 798 4466 cognovissent.
835 4395 918 4450 nostri
936 4414 1025 4451 onnes
1048 4415 1099 4466 nno
1121 4408 1232 4470 excepto
1255 4397 1325 4452 Flor.
1344 4399 1382 4465 B,
1409 4405 1438 4452 ct
