3258 5120
512 255 562 306 ua
590 253 717 306 onsms
744 253 854 306 anax.
882 256 919 320 x,
936 251 976 298 rs.
1319 239 1390 309 501

42 459 47 500 ι
110 436 285 508 rabiem
312 435 365 508 ira
390 446 614 536 pervenerat·
669 432 794 531 Itaque
820 460 944 510 rursus
972 435 1069 534 (nam
1103 463 1295 537 parumper
1322 442 1395 538 qui·

41 585 45 610 ι
112 547 205 619 bus
240 546 459 646 imperatum
486 555 564 619 erat
591 545 871 644 dubitaverant)
907 549 1018 646 mergi
1044 549 1079 620 in
1106 573 1262 640 amnem,
1302 553 1394 626 sicut

41 679 88 724 ἶ3
117 658 260 730 vincti
287 671 400 747 erant,
434 657 548 730 iussit.
601 655 655 730 Ne
682 657 750 730 hoo
776 659 919 754 quidem
946 659 1157 756 supplicium
1183 661 1394 735 seditionem

41 797 43 838 ι
117 770 300 842 militum
327 769 450 839 movit.
504 765 667 866 Namque
689 769 870 865 copiarum
889 769 998 842 duces
1026 781 1132 866 atque
1159 771 1290 843 amicos
1318 773 1393 846 eius

41 911 44 946 r
122 881 321 976 manipuli
348 876 483 951 adeunt
510 891 694 976 petentes,
730 890 771 950 ut
797 881 827 950 si
854 906 943 975 quos
971 880 1087 952 adhuc
1122 881 1271 976 pristina
1297 909 1395 959 noxa

41 1031 42 1038 ι
124 989 324 1062 iudicaret
350 1013 429 1062 esse
455 981 654 1080 contactos,
682 989 821 1063 iuberet
847 991 1007 1081 interfici,
1035 991 1163 1064 offerre
1185 1017 1225 1064 se
1244 1017 1394 1092 corpora

128 1101 231 1192 irae,
262 1099 506 1173 trucidaret*
532 1101 555 1142 ¹
581 1102 604 1143 *
1238 1117 1246 1124 ’

215 1239 356 1314 [Tandem
378 1257 443 1310 prae
464 1239 557 1294 dolore
579 1239 626 1294 vix
649 1241 744 1294 mentis
769 1248 903 1312 compotes
925 1241 1038 1295 universi
1057 1250 1216 1296 concurrunt
1233 1245 1267 1297 ud
1285 1245 1393 1316 regiam,

132 1319 282 1390 armisque
300 1317 449 1371 anteferes
467 1315 609 1388 proiectis,
635 1317 745 1371 tunicati
763 1325 893 1384 astantes,
912 1317 983 1370 nuda
1000 1328 1027 1373 et
1044 1319 1158 1372 obnoxia
1175 1321 1266 1390 poenis
1283 1340 1395 1394 corpora

134 1393 253 1448 admitti
271 1393 366 1446 flentes
383 1393 501 1446 orabant
537 1393 601 1446 Non
619 1410 648 1448 ae
666 1393 815 1465 deprecari,
844 1393 908 1465 quin
931 1394 1064 1466 suppliciis
1081 1395 1195 1449 sonuum
1212 1397 1393 1470 expiarentur,

136 1487 215 1543 qnae
247 1486 299 1542 per
323 1469 516 1524 contumaciam
537 1469 720 1540 deliquissent
763 1469 845 1541 Regis
877 1470 1037 1525 iracundiam
1063 1471 1111 1525 sibi
1138 1481 1224 1526 morte
1251 1474 1394 1530 tristiorem

136 1565 210 1602 esse.
259 1545 381 1617 Cumque
407 1543 463 1600 dies
495 1554 640 1618 noctesque
672 1553 735 1600 ante
766 1546 866 1618 regiam
892 1546 1075 1618 persistentes,
1110 1547 1251 1604 miserabili
1279 1552 1394 1608 clamore

137 1623 296 1694 habituque
318 1621 511 1694 poenitentiam
533 1640 608 1677 snam
631 1623 824 1694 approbarent3
851 1621 960 1678 biduum
982 1633 1069 1678 tamen
1091 1627 1215 1679 adversus
1237 1627 1394 1686 humillimas

138 1718 255 1756 suonam
278 1715 369 1771 preces
392 1698 528 1752 bmundia
549 1700 620 1771 regis
643 1699 757 1754 duravit.
793 1698 887 1753 Tertio
910 1700 953 1754 die
976 1701 1062 1754 victua
1080 1703 1229 1757 constantia
1247 1705 1393 1776 supplicum

139 1777 292 1850 prooessit,
318 1775 491 1846 incusataque
517 1774 616 1830 leniter
641 1776 770 1830 exercitus
796 1776 973 1845 immodestis,
1004 1795 1056 1832 non
1078 1779 1133 1832 sine
1155 1779 1244 1833 multis
1268 1781 1393 1853 utrinque

140 1847 331 1921 lacrimis,'iu
352 1849 466 1922 gretiam
489 1868 518 1906 se
539 1871 600 1908 cum
623 1851 687 1924 ipsis
709 1853 794 1907 redire
815 1851 949 1923 professus
971 1861 1020 1908 eat.
1055 1853 1143 1924 Digna
1165 1863 1255 1911 tamen
1277 1875 1319 1912 res
1336 1859 1393 1914 risa

140 1933 199 2000 est,
224 1945 295 2001 quae
317 1926 461 1982 maioribus
483 1929 578 1984 bestiis
601 1928 762 2000 expiaretur.
798 1929 892 2000 Iraque
914 1927 1042 1984 sacrificio
1064 1930 1201 2002 magnifice
1224 1943 1391 2005 perpetrato,

141 2007 327 2062 Macedonum
344 2004 422 2059 simul
439 2003 634 2078 Persarumque
656 2004 783 2076 primores
805 2003 932 2070 ,invitavit
954 2007 987 2060 sd
1009 2003 1106 2076 epulas.
1141 2007 1244 2064 Novem
1265 2009 1337 2064 milia
1359 2029 1392 2065 eo

143 2082 270 2139 convivio
289 2082 439 2154 excepisse,
466 2083 605 2154 proditum
625 2089 668 2136 est
688 2081 845 2150 memoriae,
871 2098 968 2154 somne
995 2097 1084 2136 omnes
1110 2082 1240 2139 invitante
1266 2103 1331 2157 rege
1357 2104 1393 2142 ex

144 2161 241 2216 eodem
258 2167 363 2214 cratere
379 2157 514 2227 libauisse,
543 2158 652 2214 Graecis
668 2157 840 2230 barbarisque
857 2159 963 2212 rabbus
985 2167 1042 2214 tum
1059 2159 1110 2214 alia
1127 2161 1213 2216 fausta
1230 2171 1298 2216 vota
1315 2181 1392 2235 prae-

145 2235 286 2304 euntibus,
313 2243 372 2290 tum
393 2235 514 2306 inprimis
534 2245 567 2291 ut
589 2253 622 2290 ea
645 2233 780 2306 utriusque
802 2234 906 2306 imperii
923 2236 951 2288 in
969 2235 1037 2290 idem
1056 2255 1150 2310 corpus
1168 2239 1264 2294 coalita
1281 2240 1392 2296 societas

146 2320 277 2386 perpetus
293 2313 372 2384 i'oret
407 2311 546 2367 Maturata
563 2312 660 2366 deinde
677 2318 719 2364 eat
735 2311 832 2376 missio,
850 2319 878 2366 et
893 2311 1081 2368 infirmissimus
1094 2315 1205 2388 quisque
1218 2317 1390 2372 exauctorati.

147 2389 300 2445 Amicorum
318 2405 423 2462 qnoque
441 2389 573 2443 seniorum
591 2389 748 2462 qmbusdam
766 2397 942 2443 commeatum
959 2389 1041 2444 dedit.
1068 2391 1111 2445 Ex
1126 2391 1183 2463 quis
1194 2391 1278 2448 Clitus
1292 2411 1391 2465 rogno-

149 2474 238 2522 mento
265 2465 350 2521 Albus
372 2465 540 2538 Gorgiasque
566 2475 596 2520 et
616 2465 775 2537 Polydamas
800 2473 828 2519 et
850 2465 996 2537 Antigenes
1022 2467 1103 2522 fuere.
1138 2469 1307 2523 Abeuntibus
1336 2489 1391 2525 non

150 2539 227 2600 modo
252 2542 388 2615 praeteriti
410 2542 538 2614 temporis
560 2541 694 2614 stipendia
715 2557 775 2596 cum
796 2543 848 2595 fide
871 2543 1014 2614 persolvit,
1040 2560 1131 2612 rerum
1157 2545 1236 2599 etism
1263 2547 1391 2602 talentum

151 2621 245 2678 adiecit
262 2620 290 2674 in
306 2619 424 2692 singulos
441 2617 548 2688 milites,
567 2617 657 2673 viatici
674 2618 789 2672 nomine.
824 2617 905 2672 Filios
922 2635 957 2672 ex
970 2619 1093 2674 Asiaticis
1110 2621 1238 2676 uxoribus
1255 2633 1391 2694 susceptos

153 2697 198 2764 (sd
214 2697 306 2750 decem
322 2696 395 2750 milia
412 2696 493 2750 fnisse
509 2697 664 2762 traduntur)
682 2695 754 2766 apud
771 2711 799 2748 se
815 2693 928 2767 relinqui
946 2695 1030 2764 iussit,
1049 2714 1082 2751 ne
1095 2698 1123 2752 in
1131 2699 1315 2754 Macedoniam
1331 2717 1391 2754 cum

153 2773 303 2846 parentibus
324 2773 495 2844 transgressi,
523 2781 552 2827 et
568 2771 725 2844 coningibus
743 2771 883 2844 liberisque
900 2771 1031 2844 prioribus
1048 2774 1187 2844 permixti,
1210 2775 1321 2830 familias
1338 2776 1391 2830 sin·

187 2914 243 2980 §.t
268 2911 328 2965 Nec
344 2913 392 2964 boc
400 2910 517 2990 quidem]
542 2910 640 2964 Adhuc
656 2909 756 2963 editum
790 2908 945 2990 secessisse,
972 2909 1131 2991 omisimus,
1148 2911 1391 2993 Freinshemisnnm

155 2977 523 3117 initimum
533 2995 757 3126 &inuiti
790 2977 1390 3126 iitttititumtetdud

156 3134 257 3187 prorsus
270 3116 458 3196 h.l.ususeat,
477 3065 669 3196 uectduditabrs
683 3115 756 3194 quod
790 3123 850 3194 tur,
885 3115 1035 3196 adiecimus
1092 3185 1097 3196 ι
1128 3119 1268 3196 prehendit
1301 3129 1390 3174 autem

158 3185 251 3239 totiens
267 3183 452 3238 adorantibus
474 3183 549 3238 lrbrrs
572 3201 634 3238 mss.
652 3183 754 3250 feceris,
789 3182 997 3238 Frermbemrum
1029 3183 1169 3240 Tellrenm
1201 3188 1290 3258 quod,
1331 3205 1390 3242 cum

157 3251 292 3324 aliquando
310 3252 391 3306 etism
408 3251 495 3306 secere
512 3251 714 3323 refragantibus.
789 3267 824 3303 ex
847 3253 961 3307 Arriano
982 3266 1039 3320 vu,
1061 3259 1077 3308 8
1103 3263 1209 3308 constet
1235 3255 1390 3311 seditionem

188 3339 253 3375 aona
270 3351 305 3362 -
322 3321 465 3400 conmotus]
494 3319 569 3374 Libri
588 3321 645 3375 sere
662 3337 753 3374 omnes
780 3310 900 3374 'militurn
917 3320 995 3374 fuisse
1013 3322 1046 3374 ad
1064 3323 1155 3376 urbem
1167 3323 1248 3394 Opim
1263 3324 1389 3396 inTigris

159 3399 307 3455 contractos,
334 3406 427 3442 verum
452 3407 480 3442 m
506 3389 562 3444 solo
589 3387 696 3462 quidem
720 3388 754 3442 de
787 3387 845 3458 ripa
862 3389 948 3456 sitam,
967 3387 1011 3442 ille
1028 3389 1055 3443 in
1072 3391 1254 3462 supplemento
1272 3392 1388 3446 Alexan-

160 3458 217 3512 meis
232 3455 337 3513 FlonG
354 3465 435 3510 extat
788 3457 872 3522 dmm,
897 3457 1071 3511 reconciliatis
1089 3460 1193 3512 demum
1212 3459 1389 3516 Macedonum

161 3529 332 3650 tum
346 3528 571 3649 surim
589 3526 754 3648 :cru
1421 3523 1430 3532 ’

162 3613 336 3734 dicitppriores
351 3663 411 3716 edd.
425 3666 482 3717 irae
495 3663 649 3718 omiaemnt
668 3661 753 3716 coeo.
789 3661 934 3716 Diodorum
959 3682 981 3716 o.
997 3671 1045 3735 ipe
1067 3672 1094 3718 et
1116 3683 1157 3735 sq.
1181 3683 1340 3736 quamquam
1361 3677 1389 3720 et

163 3733 255 3804 quidem
277 3731 362 3785 nostri
385 3748 477 3786 omnes
499 3749 612 3802 corporo
639 3732 683 3784 s'ra
713 3748 753 3783 re·
787 3731 843 3800 ipae
859 3731 981 3786 exutim
999 3731 1118 3786 Curtium
1141 3733 1217 3786 aliter
1236 3751 1293 3787 rem
1313 3735 1389 3789 insti·

163 3803 305 3868 madores,
332 3799 396 3852 edit.
422 3800 506 3870 princ
532 3809 561 3854 et
578 3799 684 3854 Vosse
712 3802 753 3852 ira
787 3799 869 3852 tuisse
895 3809 923 3853 et
953 3799 1091 3872 aliquanto
1121 3811 1200 3867 ante,
1233 3803 1278 3856 ubi
1304 3803 1389 3874 prima

163 3871 301 3924 tmcidaret.
338 3867 393 3922 Sed
411 3878 482 3922 recte
500 3867 616 3923 Medius.
787 3885 882 3948 magna
900 3867 993 3922 lacuna
1010 3877 1070 3939 post
1083 3879 1291 3940 caputnostrnm
1302 3880 1387 3938 dest,

193 3939 241 3992 lam
256 3936 377 4008 sequitur
394 3937 553 4008 amplissima
564 3935 667 4000 becuns,
686 3951 754 4006 quae
787 3937 821 3988 de
840 3936 870 3990 ris
894 3953 962 4006 quae
984 3953 1030 3990 rex
1048 3937 1121 3991 Susis
1143 3939 1229 4010 egerit
1251 3940 1388 4010 imprimis·

165 4007 188 4061 in
202 4005 326 4061 codicibus
345 4005 441 4076 nostris
459 4015 506 4059 aut
524 4022 607 4076 parre
625 4004 753 4058 antnullo
788 4021 840 4074 que
863 4005 896 4057 de
918 4004 1017 4076 nuptiis
1042 4005 1188 4078 principum
1211 4007 1387 4063 Macedonum

165 4075 287 4129 intervallo
310 4073 331 4127 ai
371 4073 485 4140 ilicetur,
512 4071 638 4145 quoniam
664 4089 753 4125 veram
788 4090 847 4126 oum
856 4072 961 4126 Asianis
974 4073 1123 4128 mulieribus
1141 4075 1283 4147 scripsisse,
1303 4077 1387 4144 (euius

167 4143 212 4196 eius
234 4091 426 4223 longitudinem
458 4141 559 4196 librarii
587 4139 675 4195 satio
703 4141 754 4194 iam
788 4141 826 4222 pei
844 4143 968 4222 admopet
983 4140 1080 4222 milites
1099 4147 1387 4215 cap.l'i,12)aode·

168 4228 364 4282 nonexprrmere
373 4220 507 4292 poteraut.
525 4159 753 4281 supplementum,
789 4211 850 4263 mdc
873 4218 1067 4281 navigationem
1090 4223 1118 4265 et
1139 4213 1188 4266 iter
1209 4214 1279 4294 repis
1307 4231 1388 4297 usque

185 4281 227 4334 uod
242 4279 353 4350 primum
371 4297 399 4334 m
417 4279 499 4334 Basil.
517 4279 636 4332 editione
656 4284 755 4332 lbiba
789 4279 822 4332 ad
840 4280 932 4332 urbem
951 4280 1031 4350 Opim
1048 4297 1175 4336 narrasse.
1212 4283 1343 4336 Diodorus
1361 4301 1388 4337 m

170 4299 278 4403 lmnone
304 4349 454 4402 confectum
471 4347 691 4418 snakenburgius
718 4347 756 4400 ait
790 4347 838 4400 hnc
855 4356 932 4418 perte
950 4348 1072 4403 historiae
1090 4350 1159 4404 iusto
1177 4351 1283 4404 brevior
1300 4361 1349 4404 est.
