3260 5042
450 289 452 294 ’
547 320 598 372 na
625 311 753 374 onsns
780 321 888 373 max.
914 322 966 392 m,
992 317 1035 372 aa
1355 301 1404 372 tt
1446 351 1452 362 .

83 529 144 578 ro
268 497 342 576 Sed
367 500 440 575 iam
464 503 527 576 illa
552 508 694 599 qnoque
720 502 836 573 victor
874 502 1090 589 intraverat,
1130 503 1227 576 omni
1262 501 1407 602 quidem

161 609 349 706 opulentia
373 611 473 685 ditia
526 610 658 706 Ingens
684 611 762 682 auri
787 609 996 706 argentique
1022 608 1179 706 pondua,
1213 637 1287 684 non
1312 614 1407 704 belli,

161 719 230 793 sed
256 723 420 795 luxuriae
448 727 670 815 apparatum,
698 717 918 817 diripuerant
942 719 1080 792 milites.
1140 717 1300 816 Cumque
1326 724 1408 817 plus

161 841 345 930 raperent,
372 829 507 925 passim
533 837 648 902 stratu
665 840 770 902 erant
786 830 913 901 itinera
930 829 1112 900 vilioribus
1134 831 1292 919 sarcinis,
1319 853 1408 927 quas

111 965 143 1014 21
162 943 202 1014 in
230 938 499 1036 comparatione
525 939 713 1011 meliorum
752 937 903 1010 avaritia
929 947 1202 1032 contempserat
1263 938 1410 1036 lamque

162 1050 213 1122 ad
239 1049 390 1121 feminas
416 1057 633 1146 perventum
658 1056 755 1136 erat,
782 1047 910 1144 quibus
937 1047 1008 1142 quo
1035 1047 1172 1121 cariora
1197 1058 1410 1122 ornamenta

162 1167 271 1253 sunt,
309 1158 503 1232 violentius
536 1155 834 1244 detrahebantur3
874 1179 920 1227 ne
947 1158 1156 1253 corporibus
1182 1156 1327 1254 quidem
1353 1157 1410 1230 vis

33 1298 37 1305 ·
110 1291 144 1342 aa
163 1292 208 1342 ac
235 1266 347 1342 libido
372 1264 554 1367 parcebat
614 1261 746 1340 Omnia
769 1267 917 1365 planctu
942 1267 1179 1363 tumultuque,
1205 1277 1314 1364 prout
1338 1269 1410 1340 cui·

163 1403 238 1475 que
263 1379 411 1452 fortuna
436 1386 533 1466 erat,
567 1376 813 1474 repleverant,
839 1399 906 1448 nec
932 1375 1005 1448 ulla
1029 1377 1137 1449 facies
1162 1377 1249 1449 mali
1275 1376 1410 1468 deerat,

162 1511 251 1563 cum
277 1511 343 1584 per
367 1509 493 1560 omnes
519 1485 664 1560 ordines
682 1495 889 1580 aetatesque
916 1485 1060 1558 victoris
1086 1484 1278 1561 crudelitas
1305 1512 1346 1560 ac
1371 1487 1411 1560 li·

111 1625 144 1676 se
164 1599 288 1676 centia
313 1603 517 1693 vagaretur.
582 1595 685 1668 Tunc
718 1619 807 1669 vero
837 1595 1043 1691 impotentis
1077 1597 1242 1670 fortunae
1275 1597 1412 1696 species

164 1705 328 1805 conspici
352 1706 488 1804 potuit,
527 1729 609 1778 cum
634 1705 675 1795 ii,
715 1704 776 1801 qui
802 1728 883 1777 cum
908 1703 1028 1778 Dareo
1053 1705 1324 1779 tabernaculum
1351 1731 1411 1779 ex·

164 1825 405 1906 ornaverant,
433 1815 531 1887 omni
555 1814 647 1888 luxu
673 1825 710 1889 et
735 1815 918 1912 opulentia
941 1816 1171 1914 instructum,
1199 1815 1325 1890 eadem
1350 1817 1413 1889 illa

163 1923 392 2015 Alexandro,
418 1923 522 2021 quasi
546 1925 663 1998 veteri
689 1923 849 2016 domino,
876 1926 1118 2000 reservabant
1184 1923 1348 2024 Namque
1372 1927 1412 1998 id

165 2041 289 2116 solum
314 2036 490 2108 intactum
516 2035 712 2107 omiserant
736 2035 884 2127 milites,
922 2037 975 2108 ita
999 2033 1132 2108 tradito
1157 2059 1268 2127 more,
1295 2047 1337 2109 ut
1361 2037 1412 2108 vi·

164 2153 308 2223 ‘ctorem
333 2143 420 2216 victi
445 2144 540 2240 regis
565 2143 800 2217 tabernaculo
827 2145 1041 2242 exciperent.
1195 2159 1198 2166 '
1274 2179 1276 2184 ·
1321 2167 1335 2176 ⁸

112 2287 147 2337 st
196 2295 202 2302 ·
276 2252 350 2330 Sed
384 2255 544 2328 omnium
578 2255 702 2328 oculos
734 2255 942 2350 animosque
981 2254 1017 2327 in
1053 2265 1166 2328 semet
1200 2255 1463 2328 averteranttt

165 2460 234 2580 .ᾶὲ
248 2461 291 2509 20.
326 2455 409 2506 actor
435 2453 599 2532 introverotl
637 2451 779 2506 Editorum
813 2451 903 2504 limum
922 2451 1054 2516 videatur,
1080 2450 1214 2506 tamenin
1230 2470 1263 2508 eo
1280 2461 1323 2508 est
1339 2454 1415 2508 dissi-

225 2525 384 2576 'tamentum
408 2521 491 2574 tostis
517 2520 601 2574 abieci
627 2519 779 2592 postulante
812 2519 890 2586 mile,
918 2521 988 2590 quod
1011 2537 1064 2574 non
1088 2519 1222 2588 integrum
1239 2521 1315 2576 colon
1332 2522 1415 2575 inter-

165 2593 250 2649 eodd.
267 2605 404 2644 consensu.
812 2586 909 2648 iectum
926 2596 975 2640 est.
997 2587 1092 2658 Itaque
1110 2597 1199 2640 costra
1217 2606 1277 2642 oum
1293 2589 1414 2644 freinsh.

205 2663 230 2730 ς.
249 2665 292 2713 tl.
327 2674 359 2710 ne
386 2655 538 2726 corporibm
565 2656 670 2725 quidem
687 2657 780 2708 ais-
813 2654 898 2708 delevi
923 2655 1033 2707 verbum
1059 2653 1250 2724 interpretandi
1273 2675 1351 2711 causa
1368 2659 1415 2711 sd-

160 2727 308 2802 parcebut]
327 2723 475 2778 Florentini
493 2723 546 2778 duo
559 2723 653 2793 optimi
662 2722 778 2777 etBern.
813 2721 940 2794 scriptum
957 2722 1117 2775 existimaus.
1251 2749 1252 2753 =
1457 2747 1459 2750 ·

165 2799 196 2854 A
215 2813 249 2849 ne
267 2793 419 2863 cmribus
437 2793 550 2862 quidem,
569 2809 629 2846 cum
646 2790 727 2861 vulgo
745 2791 780 2844 sit
848 2793 871 2858 §.
890 2797 931 2844 2³.
968 2792 1112 2859 impotentis
1138 2793 1269 2860 fortunae
1303 2795 1415 2914 speciei]⁴

166 2883 219 2920 nec
238 2862 390 2931 emporibus
408 2862 520 2929 qondam.
537 2859 671 2913 Nimirum
688 2857 780 2928 copula
815 2858 948 2928 Antiquae
965 2858 1023 2911 edd.
1041 2865 1069 2910 et
1087 2859 1161 2928 pauci
1179 2861 1254 2914 codd.
1272 2859 1379 2913 FlanD

169 2929 291 2986 librariis
307 2927 448 2982 videbatur
474 2926 620 2980 necessaria
637 2943 710 2992 esse,
734 2925 781 2979 sed
815 2927 954 2995 impotens:
971 2926 1120 2979 emendavit
1137 2927 1252 2995 Modica,
1271 2928 1417 2999 suffragan-

168 3017 205 3054 ea
222 2999 252 3052 in
269 2996 390 3066 augenda
407 3011 437 3048 re
454 3012 509 3048 non
532 3012 598 3065 opus
616 3001 670 3048 est:
696 2993 729 3048 ol.
746 2993 781 3046 ad
815 2994 886 3047 tibus
912 2994 1042 3065 plerisque
1067 2993 1206 3048 codicibus.
1254 2995 1331 3048 Idem
1355 3003 1417 3067 post

167 3083 203 3134 x,
225 3073 268 3132 18,
286 3071 311 3118 8.
347 3061 402 3116 Sed
419 3063 469 3116 hoc
486 3062 514 3115 in
530 3061 682 3115 universum
699 3078 780 3114 anno
816 3062 862 3130 qui
884 3079 951 3114 cum
977 3063 1065 3116 Dareo
1092 3063 1287 3116 tubernaculum
1306 3082 1417 3117 exorna·

168 3137 240 3189 tabo
256 3133 286 3186 in
302 3130 375 3185 libn's
393 3148 453 3184 mss.
470 3128 604 3183 Curtianis
621 3129 718 3200 partim
735 3130 781 3182 de·
817 3140 906 3182 verunt
924 3129 1035 3200 scripsit,
1054 3129 1120 3184 sicut
1139 3130 1164 3182 in
1182 3131 1279 3185 nostris
1297 3131 1418 3186 omnibus

169 3201 334 3265 terioribm
361 3199 458 3269 purtim
475 3197 555 3251 etiam
573 3197 709 3264 omnibus,
735 3215 782 3250 nec
816 3198 891 3250 codd.
910 3197 1124 3277 praetchlor.D
1144 3198 1250 3268 legitur,
1269 3200 1418 3270 cumvulgo

169 3302 210 3314 -
229 3271 333 3339 quadem
350 3285 399 3338 pro
416 3283 450 3318 ac
466 3297 501 3308 -
518 3267 622 3346 quidem
644 3266 699 3318 sere
716 3275 783 3318 sem-
818 3265 853 3317 sit
870 3283 914 3335 qur
933 3275 985 3318 tum
1003 3297 1038 3305 -
1054 3278 1250 3320 exornaverunt.
1275 3267 1343 3320 Mihi
1360 3267 1419 3339 qui·

170 3355 225 3410 per
242 3334 363 3405 mnan,
390 3333 471 3386 etiam
489 3335 535 3388 ubi
551 3332 725 3388 certissimum
743 3341 785 3386 est
818 3333 878 3385 dem
906 3342 1046 3403 utmmque
1074 3333 1190 3403 spurium
1207 3336 1313 3389 videtur
1330 3343 1359 3388 et
1376 3355 1419 3390 or-

172 3405 301 3476 copulam
318 3403 410 3456 abasse
428 3401 532 3455 debere.
818 3407 875 3453 turn
893 3417 926 3453 ex
944 3401 1167 3470 praemunitus,
1186 3403 1231 3456 sod
1247 3423 1305 3456 cum
1322 3404 1420 3457 habore

213 3475 238 3542 5.
256 3477 298 3524 22.
343 3471 431 3524 omnia
448 3471 555 3538 planctu
574 3471 733 3538 tumultuque
749 3499 785 3510 -
817 3477 906 3539 potest
923 3485 981 3520 eam
998 3469 1155 3522 sententiam
1178 3479 1209 3524 ut
1226 3471 1360 3524 ministros
1377 3489 1420 3524 re-

171 3539 351 3612 repleveront]
387 3535 478 3608 Vulgo
504 3539 592 3590 omniu
613 3538 726 3606 pluactu
743 3545 783 3589 tu·
817 3536 857 3605 gis
876 3535 1011 3606 significet.
1047 3537 1177 3606 Inpotens
1201 3539 1307 3592 fortuna
1324 3537 1421 3592 dicitur

172 3610 311 3676 metuque
327 3614 462 3658 -castru
479 3607 655 3674 septenorum
673 3605 720 3658 sed
737 3611 784 3657 sut
818 3621 884 3675 quac
902 3605 936 3656 ad
954 3603 1087 3657 libidinem
1096 3605 1121 3657 ri
1130 3623 1177 3658 sua
1185 3607 1283 3673 utitur;
1301 3615 1421 3678 etoppo-

173 3677 250 3731 omni
266 3673 444 3738 scribendum,
462 3680 509 3726 aut
526 3677 616 3726 costra
635 3671 782 3725 delendum.
819 3671 891 3725 nitur
917 3671 1055 3725 constanti.
1099 3671 1196 3727 Ridere
1218 3673 1281 3728 lioct
1303 3673 1375 3730 Flor.
1397 3674 1420 3729 C

173 3743 239 3798 Nec
263 3742 335 3794 enim
361 3749 403 3794 tot
429 3739 516 3793 verbis
542 3748 570 3793 et
597 3739 701 3810 integro
727 3739 784 3794 colo
819 3740 868 3794 scri
888 3747 975 3792 turam
992 3743 1179 3810 ornnipotcutis.

173 3808 325 3866 interiectis
351 3807 485 3860 diducitur
511 3807 670 3862 adiectivum
691 3809 786 3861 asub·
879 3826 919 3877 ap.
938 3815 981 3875 29,
1001 3811 1025 3875 §.
1044 3816 1086 3861 24.
1122 3810 1149 3860 in
1167 3819 1244 3862 serrat
1262 3811 1421 3878 averterunt]

175 3877 296 3932 motivo
314 3893 378 3942 suo,
401 3892 448 3928 nec
466 3891 497 3928 ea
515 3883 572 3928 tum
589 3879 677 3928 omnia
695 3885 785 3928 costra
821 3875 865 3929 Sic
882 3894 898 3928 o
918 3875 974 3928 timi
997 3876 1071 3929 codd.
1090 3875 1162 3928 Leid.
1181 3877 1258 3931 Voss.
1280 3887 1291 3929 1
1310 3877 1421 3930 Floren-

174 3945 299 4012 t'nissent,
317 3945 364 3996 sed
383 3953 444 3996 tota.
462 3943 551 3996 Etiam
569 3943 640 4013 quod
650 3943 786 4015 Wopken·
821 3942 869 3996 tini
906 3961 940 3997 uo
957 3943 1137 4014 antiquissimi,
1154 3945 1283 4010 Bam.A;
1307 3945 1422 3999 deterio-

176 4013 235 4068 sius
262 4013 290 4066 in
317 4010 474 4064 lectionibus
493 4009 622 4064 Tullianis
649 4011 695 4064 lib.
714 4026 745 4076 11,
764 4027 786 4063 c.
821 4027 862 4064 ros
888 4015 1061 4064 aduerterunt.
1095 4012 1217 4065 Editorus
1244 4023 1422 4066 converterunt

178 4087 196 4136 a
216 4097 278 4151 pag.
298 4086 347 4133 rot
370 4077 497 4132 eiusnodi
523 4077 684 4132 traiectionis
710 4079 787 4132 affert
820 4079 854 4130 de
881 4097 927 4132 suo
954 4080 1070 4132 focerunt
1097 4079 1140 4148 (in
1163 4079 1250 4149 priore
1276 4081 1340 4134 edit.
1362 4098 1422 4134 mea

178 4165 258 4203 exem
278 4147 350 4212 lum,
378 4146 513 4202 Ciceronis
535 4147 567 4199 de
585 4145 688 4216 legibus
706 4161 738 4213 11,
756 4153 786 4198 tt
822 4156 950 4199 verterunt
985 4163 1073 4200 enare
1108 4149 1266 4218 typographi
1290 4149 1341 4201 ine
1372 4149 1421 4226 it)-

215 4237 223 4270 .·
307 4217 353 4267 nin
372 4225 425 4266 tum
439 4217 603 4284 perditorum
622 4217 716 4268 civium
734 4231 788 4269 sce·
822 4215 902 4282 male,
930 4233 990 4268 nnm
1016 4225 1129 4267 avertere
1156 4219 1183 4268 in
1205 4224 1252 4269 ant
1270 4220 1308 4268 od
1351 4189 1424 4288 iqurd

178 4235 244 4347 gre,
264 4286 382 4337 discessu
400 4300 462 4346 meo,
481 4285 636 4352 relipionum
654 4287 715 4337 iura
724 4286 788 4363 pol-
822 4291 894 4337 recto
911 4283 962 4336 dici
989 4300 1047 4338 cum
1065 4283 1138 4336 facilc
1157 4283 1338 4354 intelligatur,
1366 4293 1423 4336 tum

181 4355 241 4408 luta
258 4363 328 4420 nant,
346 4351 466 4424 quamvis
484 4351 567 4422 primo
585 4361 693 4424 aspectu
710 4351 788 4406 nmil-
823 4351 983 4406 illustratmn
1000 4361 1040 4405 est
1057 4369 1073 4405 a
1090 4352 1186 4420 multis,
1206 4369 1247 4405 cs.
1263 4369 1303 4422 gr.
1321 4371 1336 4406 a
1354 4351 1424 4405 Dra-
