<?xml version="1.0" encoding="UTF-8"?>
<!DOCTYPE html PUBLIC "-//W3C//DTD XHTML 1.0 Transitional//EN"
    "http://www.w3.org/TR/xhtml1/DTD/xhtml1-transitional.dtd">
<html xmlns="http://www.w3.org/1999/xhtml" xml:lang="en" lang="en">
 <head>
  <title>
</title>
<meta http-equiv="Content-Type" content="text/html;charset=utf-8" />
  <meta name='ocr-system' content='tesseract 3.04.00' />
  <meta name='ocr-capabilities' content='ocr_page ocr_carea ocr_par ocr_line ocrx_word'/>
</head>
<body>
  <div class='ocr_page' id='page_1' title='image "./qcurtiirufidege03rufugoog_0211.png"; bbox 0 0 3336 5066; ppageno 0'>
   <div class='ocr_carea' id='block_1_1' title="bbox 208 297 1027 403">
    <p class='ocr_par' dir='ltr' id='par_1_1' title="bbox 208 297 1027 403">
     <span class='ocr_line' id='line_1_1' title="bbox 208 297 1027 403; baseline -0.005 -8"><span class='ocrx_word' id='word_1_1' title='bbox 208 323 282 396; x_wconf 83' lang='lat'><strong>184</strong></span> <span class='ocrx_word' id='word_1_2' title='bbox 677 336 712 403; x_wconf 72' lang='lat' dir='ltr'><strong>a.</strong></span> <span class='ocrx_word' id='word_1_3' title='bbox 734 297 864 393; x_wconf 71' lang='lat' dir='ltr'><strong>eumn</strong></span> <span class='ocrx_word' id='word_1_4' title='bbox 888 339 975 392; x_wconf 70' lang='lat' dir='ltr'><strong>nun</strong></span> <span class='ocrx_word' id='word_1_5' title='bbox 1024 356 1027 364; x_wconf 74' lang='lat'><strong>,</strong></span> 
     </span>
    </p>
   </div>
   <div class='ocr_carea' id='block_1_2' title="bbox 205 519 1498 952">
    <p class='ocr_par' dir='ltr' id='par_1_2' title="bbox 205 519 1498 952">
     <span class='ocr_line' id='line_1_2' title="bbox 206 519 1446 623; baseline 0.002 -27"><span class='ocrx_word' id='word_1_6' title='bbox 206 534 294 596; x_wconf 90' lang='lat' dir='ltr'><strong>tuno</strong></span> <span class='ocrx_word' id='word_1_7' title='bbox 326 519 529 596; x_wconf 75' lang='lat' dir='ltr'><strong>haesitabat</strong></span> <span class='ocrx_word' id='word_1_8' title='bbox 560 521 784 623; x_wconf 86' lang='lat' dir='ltr'><strong>deprehensa</strong></span> <span class='ocrx_word' id='word_1_9' title='bbox 816 525 982 614; x_wconf 72' lang='lat' dir='ltr'><strong>felicitas,</strong></span> <span class='ocrx_word' id='word_1_10' title='bbox 1016 549 1085 598; x_wconf 88' lang='lat' dir='ltr'><strong>nso</strong></span> <span class='ocrx_word' id='word_1_11' title='bbox 1118 522 1216 597; x_wconf 88' lang='lat' dir='ltr'><strong>aliud</strong></span> <span class='ocrx_word' id='word_1_12' title='bbox 1249 523 1446 598; x_wconf 89' lang='lat' dir='ltr'><strong>remedium</strong></span> 
     </span>
     <span class='ocr_line' id='line_1_3' title="bbox 206 632 1498 733; baseline -0.004 -27"><span class='ocrx_word' id='word_1_13' title='bbox 206 641 304 722; x_wconf 86' lang='lat' dir='ltr'><strong>erat,</strong></span> <span class='ocrx_word' id='word_1_14' title='bbox 342 656 451 729; x_wconf 89' lang='lat' dir='ltr'><strong>quam</strong></span> <span class='ocrx_word' id='word_1_15' title='bbox 484 636 617 710; x_wconf 89' lang='lat' dir='ltr'><strong>reverti</strong></span> <span class='ocrx_word' id='word_1_16' title='bbox 651 660 722 730; x_wconf 85' lang='lat' dir='ltr'><strong>qua</strong></span> <span class='ocrx_word' id='word_1_17' title='bbox 759 645 918 708; x_wconf 83' lang='lat' dir='ltr'><strong>venerat.</strong></span> <span class='ocrx_word' id='word_1_18' title='bbox 983 632 1111 730; x_wconf 87' lang='lat' dir='ltr'><strong>Itaque</strong></span> <span class='ocrx_word' id='word_1_19' title='bbox 1145 635 1248 730; x_wconf 87' lang='lat' dir='ltr'><strong>signo</strong></span> <span class='ocrx_word' id='word_1_20' title='bbox 1287 636 1447 733; x_wconf 88' lang='lat' dir='ltr'><strong>receptui</strong></span> <span class='ocrx_word' id='word_1_21' title='bbox 1463 653 1498 702; x_wconf 80' lang='lat' dir='ltr'><strong>ts</strong></span> 
     </span>
     <span class='ocr_line' id='line_1_4' title="bbox 206 742 1447 839; baseline 0.001 -22"><span class='ocrx_word' id='word_1_22' title='bbox 206 742 310 834; x_wconf 86' lang='lat' dir='ltr'><strong>dato,</strong></span> <span class='ocrx_word' id='word_1_23' title='bbox 345 743 504 820; x_wconf 86' lang='lat' dir='ltr'><strong>densatis</strong></span> <span class='ocrx_word' id='word_1_24' title='bbox 539 746 738 834; x_wconf 85' lang='lat' dir='ltr'><strong>ordinibus,</strong></span> <span class='ocrx_word' id='word_1_25' title='bbox 777 746 958 839; x_wconf 91' lang='lat' dir='ltr'><strong>scutisque</strong></span> <span class='ocrx_word' id='word_1_26' title='bbox 984 767 1093 839; x_wconf 91' lang='lat' dir='ltr'><strong>super</strong></span> <span class='ocrx_word' id='word_1_27' title='bbox 1118 743 1237 839; x_wconf 85' lang='lat' dir='ltr'><strong>capita</strong></span> <span class='ocrx_word' id='word_1_28' title='bbox 1262 747 1447 836; x_wconf 87' lang='lat' dir='ltr'><strong>consertis,</strong></span> 
     </span>
     <span class='ocr_line' id='line_1_5' title="bbox 205 851 1447 952; baseline 0 -24"><span class='ocrx_word' id='word_1_29' title='bbox 205 863 304 928; x_wconf 89' lang='lat' dir='ltr'><strong>retro</strong></span> <span class='ocrx_word' id='word_1_30' title='bbox 337 857 491 932; x_wconf 83' lang='lat' dir='ltr'><strong>evadere</strong></span> <span class='ocrx_word' id='word_1_31' title='bbox 522 881 569 930; x_wconf 88' lang='lat' dir='ltr'><strong>ex</strong></span> <span class='ocrx_word' id='word_1_32' title='bbox 600 853 773 952; x_wconf 88' lang='lat' dir='ltr'><strong>angustiis</strong></span> <span class='ocrx_word' id='word_1_33' title='bbox 807 853 918 924; x_wconf 90' lang='lat' dir='ltr'><strong>iubet</strong></span> <span class='ocrx_word' id='word_1_34' title='bbox 970 877 1051 924; x_wconf 85' lang='lat' dir='ltr'><strong>xxx</strong></span> <span class='ocrx_word' id='word_1_35' title='bbox 1077 853 1176 926; x_wconf 89' lang='lat' dir='ltr'><strong>fuere</strong></span> <span class='ocrx_word' id='word_1_36' title='bbox 1202 851 1328 942; x_wconf 81' lang='lat' dir='ltr'><strong>stadie,</strong></span> <span class='ocrx_word' id='word_1_37' title='bbox 1356 867 1447 948; x_wconf 85' lang='lat' dir='ltr'><strong>quae</strong></span> 
     </span>
    </p>
   </div>
   <div class='ocr_carea' id='block_1_3' title="bbox 159 969 1499 2834">
    <p class='ocr_par' dir='ltr' id='par_1_3' title="bbox 206 969 479 1042">
     <span class='ocr_line' id='line_1_6' title="bbox 206 969 479 1042; baseline -0.015 0"><span class='ocrx_word' id='word_1_38' title='bbox 206 969 359 1042; x_wconf 83' lang='lat' dir='ltr'><strong>remensi</strong></span> <span class='ocrx_word' id='word_1_39' title='bbox 385 979 479 1040; x_wconf 89' lang='lat' dir='ltr'><strong>sunt.</strong></span> 
     </span>
    </p>

    <p class='ocr_par' dir='ltr' id='par_1_4' title="bbox 159 1071 1499 2613">
     <span class='ocr_line' id='line_1_7' title="bbox 159 1071 1499 1174; baseline -0.001 -24"><span class='ocrx_word' id='word_1_40' title='bbox 159 1081 206 1152; x_wconf 87' lang='lat'><strong>13</strong></span> <span class='ocrx_word' id='word_1_41' title='bbox 310 1077 404 1151; x_wconf 90' lang='lat' dir='ltr'><strong>Turn</strong></span> <span class='ocrx_word' id='word_1_42' title='bbox 430 1075 556 1148; x_wconf 91' lang='lat' dir='ltr'><strong>castris</strong></span> <span class='ocrx_word' id='word_1_43' title='bbox 583 1071 739 1168; x_wconf 90' lang='lat' dir='ltr'><strong>undiquc</strong></span> <span class='ocrx_word' id='word_1_44' title='bbox 764 1085 891 1171; x_wconf 89' lang='lat' dir='ltr'><strong>aperto</strong></span> <span class='ocrx_word' id='word_1_45' title='bbox 925 1076 1006 1148; x_wconf 89' lang='lat' dir='ltr'><strong>loco</strong></span> <span class='ocrx_word' id='word_1_46' title='bbox 1032 1077 1174 1174; x_wconf 88' lang='lat' dir='ltr'><strong>positis,</strong></span> <span class='ocrx_word' id='word_1_47' title='bbox 1208 1101 1282 1150; x_wconf 93' lang='lat' dir='ltr'><strong>non</strong></span> <span class='ocrx_word' id='word_1_48' title='bbox 1308 1074 1499 1148; x_wconf 78' lang='lat' dir='ltr'><strong>consu-u.</strong></span> 
     </span>
     <span class='ocr_line' id='line_1_8' title="bbox 207 1183 1448 1285; baseline -0.003 -22"><span class='ocrx_word' id='word_1_49' title='bbox 207 1201 285 1262; x_wconf 86' lang='lat' dir='ltr'><strong>tere</strong></span> <span class='ocrx_word' id='word_1_50' title='bbox 311 1183 420 1258; x_wconf 91' lang='lat' dir='ltr'><strong>modo</strong></span> <span class='ocrx_word' id='word_1_51' title='bbox 446 1183 533 1282; x_wconf 92' lang='lat' dir='ltr'><strong>quid</strong></span> <span class='ocrx_word' id='word_1_52' title='bbox 558 1183 736 1284; x_wconf 85' lang='lat' dir='ltr'><strong>egendum</strong></span> <span class='ocrx_word' id='word_1_53' title='bbox 762 1196 868 1275; x_wconf 89' lang='lat' dir='ltr'><strong>esset,</strong></span> <span class='ocrx_word' id='word_1_54' title='bbox 887 1187 952 1260; x_wconf 91' lang='lat' dir='ltr'><strong>sed</strong></span> <span class='ocrx_word' id='word_1_55' title='bbox 978 1199 1081 1261; x_wconf 90' lang='lat' dir='ltr'><strong>vates</strong></span> <span class='ocrx_word' id='word_1_56' title='bbox 1108 1212 1251 1285; x_wconf 91' lang='lat' dir='ltr'><strong>quoque</strong></span> <span class='ocrx_word' id='word_1_57' title='bbox 1277 1185 1448 1260; x_wconf 83' lang='lat' dir='ltr'><strong>adhibere</strong></span> 
     </span>
     <span class='ocr_line' id='line_1_9' title="bbox 205 1293 1481 1394; baseline -0.001 -23"><span class='ocrx_word' id='word_1_58' title='bbox 205 1299 323 1394; x_wconf 92' lang='lat' dir='ltr'><strong>coepit</strong></span> <span class='ocrx_word' id='word_1_59' title='bbox 356 1321 378 1369; x_wconf 92' lang='lat' dir='ltr'><strong>a</strong></span> <span class='ocrx_word' id='word_1_60' title='bbox 411 1296 662 1394; x_wconf 84' lang='lat' dir='ltr'><strong>superstitione</strong></span> <span class='ocrx_word' id='word_1_61' title='bbox 703 1297 819 1370; x_wconf 90' lang='lat' dir='ltr'><strong>animi.</strong></span> <span class='ocrx_word' id='word_1_62' title='bbox 889 1293 962 1371; x_wconf 89' lang='lat' dir='ltr'><strong>Sed</strong></span> <span class='ocrx_word' id='word_1_63' title='bbox 997 1297 1084 1394; x_wconf 92' lang='lat' dir='ltr'><strong>quid</strong></span> <span class='ocrx_word' id='word_1_64' title='bbox 1126 1309 1205 1370; x_wconf 88' lang='lat' dir='ltr'><strong>turn</strong></span> <span class='ocrx_word' id='word_1_65' title='bbox 1242 1297 1481 1394; x_wconf 76' lang='lat' dir='ltr'><strong>praediceree</strong></span> 
     </span>
     <span class='ocr_line' id='line_1_10' title="bbox 204 1405 1448 1506; baseline -0.003 -25"><span class='ocrx_word' id='word_1_66' title='bbox 204 1407 435 1498; x_wconf 86' lang='lat' dir='ltr'><strong>Aristander,</strong></span> <span class='ocrx_word' id='word_1_67' title='bbox 474 1408 530 1481; x_wconf 87' lang='lat' dir='ltr'><strong>cui</strong></span> <span class='ocrx_word' id='word_1_68' title='bbox 568 1407 758 1506; x_wconf 90' lang='lat' dir='ltr'><strong>plurimum</strong></span> <span class='ocrx_word' id='word_1_69' title='bbox 797 1408 969 1482; x_wconf 88' lang='lat' dir='ltr'><strong>credebat</strong></span> <span class='ocrx_word' id='word_1_70' title='bbox 1000 1433 1048 1481; x_wconf 86' lang='lat' dir='ltr'><strong>ex</strong></span> <span class='ocrx_word' id='word_1_71' title='bbox 1080 1407 1240 1496; x_wconf 85' lang='lat' dir='ltr'><strong>vatibus,</strong></span> <span class='ocrx_word' id='word_1_72' title='bbox 1279 1405 1448 1504; x_wconf 83' lang='lat' dir='ltr'><strong>poterat?</strong></span> 
     </span>
     <span class='ocr_line' id='line_1_11' title="bbox 204 1518 1447 1618; baseline -0.002 -26"><span class='ocrx_word' id='word_1_73' title='bbox 204 1518 331 1618; x_wconf 86' lang='lat' dir='ltr'><strong>Itaque</strong></span> <span class='ocrx_word' id='word_1_74' title='bbox 372 1519 549 1592; x_wconf 87' lang='lat' dir='ltr'><strong>damnatis</strong></span> <span class='ocrx_word' id='word_1_75' title='bbox 589 1518 849 1615; x_wconf 82' lang='lat' dir='ltr'><strong>intempestivis</strong></span> <span class='ocrx_word' id='word_1_76' title='bbox 879 1519 1085 1610; x_wconf 83' lang='lat' dir='ltr'><strong>sacrificiis,</strong></span> <span class='ocrx_word' id='word_1_77' title='bbox 1119 1519 1255 1618; x_wconf 84' lang='lat' dir='ltr'><strong>peritos</strong></span> <span class='ocrx_word' id='word_1_78' title='bbox 1286 1519 1447 1590; x_wconf 85' lang='lat' dir='ltr'><strong>locorum</strong></span> 
     </span>
     <span class='ocr_line' id='line_1_12' title="bbox 206 1625 1447 1724; baseline -0.005 -20"><span class='ocrx_word' id='word_1_79' title='bbox 206 1631 397 1704; x_wconf 75' lang='lat' dir='ltr'><strong>convocari</strong></span> <span class='ocrx_word' id='word_1_80' title='bbox 423 1630 531 1702; x_wconf 86' lang='lat' dir='ltr'><strong>iubet</strong></span> <span class='ocrx_word' id='word_1_81' title='bbox 573 1628 644 1700; x_wconf 93' lang='lat' dir='ltr'><strong>Per</strong></span> <span class='ocrx_word' id='word_1_82' title='bbox 661 1625 814 1700; x_wconf 86' lang='lat' dir='ltr'><strong>Mediam</strong></span> <span class='ocrx_word' id='word_1_83' title='bbox 840 1630 909 1700; x_wconf 92' lang='lat' dir='ltr'><strong>iter</strong></span> <span class='ocrx_word' id='word_1_84' title='bbox 935 1629 1177 1704; x_wconf 82' lang='lat' dir='ltr'><strong>ostendebant</strong></span> <span class='ocrx_word' id='word_1_85' title='bbox 1202 1640 1321 1702; x_wconf 89' lang='lat' dir='ltr'><strong>tutum</strong></span> <span class='ocrx_word' id='word_1_86' title='bbox 1346 1651 1447 1724; x_wconf 86' lang='lat' dir='ltr'><strong>aper·</strong></span> 
     </span>
     <span class='ocr_line' id='line_1_13' title="bbox 207 1734 1480 1838; baseline -0.008 -23"><span class='ocrx_word' id='word_1_87' title='bbox 207 1753 373 1837; x_wconf 89' lang='lat' dir='ltr'><strong>tumque:</strong></span> <span class='ocrx_word' id='word_1_88' title='bbox 410 1738 476 1812; x_wconf 91' lang='lat' dir='ltr'><strong>sed</strong></span> <span class='ocrx_word' id='word_1_89' title='bbox 513 1763 579 1811; x_wconf 87' lang='lat' dir='ltr'><strong>rex</strong></span> <span class='ocrx_word' id='word_1_90' title='bbox 614 1734 776 1812; x_wconf 88' lang='lat' dir='ltr'><strong>deserere</strong></span> <span class='ocrx_word' id='word_1_91' title='bbox 808 1739 939 1812; x_wconf 80' lang='lat' dir='ltr'><strong>milites</strong></span> <span class='ocrx_word' id='word_1_92' title='bbox 971 1740 1169 1838; x_wconf 86' lang='lat' dir='ltr'><strong>insepultos</strong></span> <span class='ocrx_word' id='word_1_93' title='bbox 1202 1738 1480 1829; x_wconf 83' lang='lat' dir='ltr'><strong>erubescebat-,s</strong></span> 
     </span>
     <span class='ocr_line' id='line_1_14' title="bbox 204 1847 1448 1938; baseline -0.004 -15"><span class='ocrx_word' id='word_1_94' title='bbox 204 1851 257 1924; x_wconf 86' lang='lat' dir='ltr'><strong>ita</strong></span> <span class='ocrx_word' id='word_1_95' title='bbox 281 1847 417 1922; x_wconf 87' lang='lat' dir='ltr'><strong>tradito</strong></span> <span class='ocrx_word' id='word_1_96' title='bbox 442 1872 553 1938; x_wconf 90' lang='lat' dir='ltr'><strong>more,</strong></span> <span class='ocrx_word' id='word_1_97' title='bbox 580 1856 621 1919; x_wconf 91' lang='lat' dir='ltr'><strong>ut</strong></span> <span class='ocrx_word' id='word_1_98' title='bbox 646 1847 709 1920; x_wconf 88' lang='lat' dir='ltr'><strong>vix</strong></span> <span class='ocrx_word' id='word_1_99' title='bbox 736 1849 848 1921; x_wconf 93' lang='lat' dir='ltr'><strong>ullum</strong></span> <span class='ocrx_word' id='word_1_100' title='bbox 874 1851 1020 1924; x_wconf 89' lang='lat' dir='ltr'><strong>militiae</strong></span> <span class='ocrx_word' id='word_1_101' title='bbox 1053 1861 1128 1923; x_wconf 88' lang='lat' dir='ltr'><strong>tarn</strong></span> <span class='ocrx_word' id='word_1_102' title='bbox 1155 1850 1326 1923; x_wconf 89' lang='lat' dir='ltr'><strong>sollemne</strong></span> <span class='ocrx_word' id='word_1_103' title='bbox 1351 1857 1448 1920; x_wconf 86' lang='lat' dir='ltr'><strong>esset</strong></span> 
     </span>
     <span class='ocr_line' id='line_1_15' title="bbox 204 1956 1481 2059; baseline -0.005 -24"><span class='ocrx_word' id='word_1_104' title='bbox 204 1987 352 2052; x_wconf 89' lang='lat' dir='ltr'><strong>munus,</strong></span> <span class='ocrx_word' id='word_1_105' title='bbox 388 1983 496 2056; x_wconf 89' lang='lat' dir='ltr'><strong>quam</strong></span> <span class='ocrx_word' id='word_1_106' title='bbox 527 1956 698 2030; x_wconf 83' lang='lat' dir='ltr'><strong>humandi</strong></span> <span class='ocrx_word' id='word_1_107' title='bbox 732 1984 827 2033; x_wconf 91' lang='lat' dir='ltr'><strong>suos.</strong></span> <span class='ocrx_word' id='word_1_108' title='bbox 881 1959 1053 2059; x_wconf 84' lang='lat' dir='ltr'><strong>Captivos</strong></span> <span class='ocrx_word' id='word_1_109' title='bbox 1081 1985 1183 2058; x_wconf 88' lang='lat' dir='ltr'><strong>ergo,</strong></span> <span class='ocrx_word' id='word_1_110' title='bbox 1216 1984 1306 2057; x_wconf 89' lang='lat' dir='ltr'><strong>quos</strong></span> <span class='ocrx_word' id='word_1_111' title='bbox 1331 1975 1481 2056; x_wconf 80' lang='lat' dir='ltr'><strong>nupert</strong></span> 
     </span>
     <span class='ocr_line' id='line_1_16' title="bbox 204 2067 1446 2170; baseline -0.004 -23"><span class='ocrx_word' id='word_1_112' title='bbox 204 2081 411 2169; x_wconf 86' lang='lat' dir='ltr'><strong>exceperat,</strong></span> <span class='ocrx_word' id='word_1_113' title='bbox 444 2070 566 2144; x_wconf 85' lang='lat' dir='ltr'><strong>vocari</strong></span> <span class='ocrx_word' id='word_1_114' title='bbox 600 2069 716 2142; x_wconf 90' lang='lat' dir='ltr'><strong>iubet:</strong></span> <span class='ocrx_word' id='word_1_115' title='bbox 731 2085 737 2091; x_wconf 86' lang='grc'><strong><em>·</em></strong></span> <span class='ocrx_word' id='word_1_116' title='bbox 751 2071 844 2144; x_wconf 90' lang='lat' dir='ltr'><strong>inter</strong></span> <span class='ocrx_word' id='word_1_117' title='bbox 878 2097 968 2170; x_wconf 91' lang='lat' dir='ltr'><strong>quos</strong></span> <span class='ocrx_word' id='word_1_118' title='bbox 1005 2083 1084 2145; x_wconf 87' lang='lat' dir='ltr'><strong>erat</strong></span> <span class='ocrx_word' id='word_1_119' title='bbox 1115 2071 1261 2168; x_wconf 89' lang='lat' dir='ltr'><strong>quidam</strong></span> <span class='ocrx_word' id='word_1_120' title='bbox 1287 2067 1446 2144; x_wconf 86' lang='lat' dir='ltr'><strong>Graecae</strong></span> 
     </span>
     <span class='ocr_line' id='line_1_17' title="bbox 204 2179 1446 2280; baseline -0.004 -25"><span class='ocrx_word' id='word_1_121' title='bbox 204 2181 441 2279; x_wconf 87' lang='lat' dir='ltr'><strong>Persicaeque</strong></span> <span class='ocrx_word' id='word_1_122' title='bbox 471 2181 614 2278; x_wconf 86' lang='lat' dir='ltr'><strong>linguae</strong></span> <span class='ocrx_word' id='word_1_123' title='bbox 645 2181 796 2277; x_wconf 87' lang='lat' dir='ltr'><strong>peritus,</strong></span> <span class='ocrx_word' id='word_1_124' title='bbox 832 2184 892 2280; x_wconf 91' lang='lat' dir='ltr'><strong>qui</strong></span> <span class='ocrx_word' id='word_1_125' title='bbox 923 2184 1059 2255; x_wconf 86' lang='lat' dir='ltr'><strong>frustra</strong></span> <span class='ocrx_word' id='word_1_126' title='bbox 1090 2207 1173 2256; x_wconf 91' lang='lat' dir='ltr'><strong>eum</strong></span> <span class='ocrx_word' id='word_1_127' title='bbox 1199 2183 1236 2254; x_wconf 92' lang='lat' dir='ltr'><strong>in</strong></span> <span class='ocrx_word' id='word_1_128' title='bbox 1261 2179 1446 2254; x_wconf 88' lang='lat' dir='ltr'><strong>Persidem</strong></span> 
     </span>
     <span class='ocr_line' id='line_1_18' title="bbox 205 2289 1446 2367; baseline -0.004 0"><span class='ocrx_word' id='word_1_129' title='bbox 205 2291 381 2367; x_wconf 91' lang='lat' dir='ltr'><strong>montium</strong></span> <span class='ocrx_word' id='word_1_130' title='bbox 416 2290 524 2365; x_wconf 89' lang='lat' dir='ltr'><strong>dorso</strong></span> <span class='ocrx_word' id='word_1_131' title='bbox 557 2291 753 2364; x_wconf 87' lang='lat' dir='ltr'><strong>exercitum</strong></span> <span class='ocrx_word' id='word_1_132' title='bbox 784 2289 915 2366; x_wconf 90' lang='lat' dir='ltr'><strong>ducere</strong></span> <span class='ocrx_word' id='word_1_133' title='bbox 947 2293 1120 2366; x_wconf 88' lang='lat' dir='ltr'><strong>affirmat:</strong></span> <span class='ocrx_word' id='word_1_134' title='bbox 1152 2293 1335 2366; x_wconf 87' lang='lat' dir='ltr'><strong>silvestres</strong></span> <span class='ocrx_word' id='word_1_135' title='bbox 1367 2315 1446 2364; x_wconf 84' lang='lat' dir='ltr'><strong>esse</strong></span> 
     </span>
     <span class='ocr_line' id='line_1_19' title="bbox 203 2400 1446 2502; baseline -0.003 -25"><span class='ocrx_word' id='word_1_136' title='bbox 203 2403 326 2492; x_wconf 89' lang='lat' dir='ltr'><strong>calles,</strong></span> <span class='ocrx_word' id='word_1_137' title='bbox 359 2403 423 2474; x_wconf 86' lang='lat' dir='ltr'><strong>vix</strong></span> <span class='ocrx_word' id='word_1_138' title='bbox 458 2400 605 2500; x_wconf 84' lang='lat' dir='ltr'><strong>singulis</strong></span> <span class='ocrx_word' id='word_1_139' title='bbox 632 2403 774 2500; x_wconf 89' lang='lat' dir='ltr'><strong>pervios</strong></span> <span class='ocrx_word' id='word_1_140' title='bbox 781 2429 791 2492; x_wconf 92' lang='lat'>;</span> <span class='ocrx_word' id='word_1_141' title='bbox 827 2404 948 2476; x_wconf 89' lang='lat' dir='ltr'><strong>omnia</strong></span> <span class='ocrx_word' id='word_1_142' title='bbox 979 2404 1121 2502; x_wconf 84' lang='lat' dir='ltr'><strong>contegi</strong></span> <span class='ocrx_word' id='word_1_143' title='bbox 1146 2401 1351 2492; x_wconf 86' lang='lat' dir='ltr'><strong>frondibus,</strong></span> <span class='ocrx_word' id='word_1_144' title='bbox 1383 2402 1446 2474; x_wconf 90' lang='lat' dir='ltr'><strong>im·</strong></span> 
     </span>
     <span class='ocr_line' id='line_1_20' title="bbox 203 2512 1135 2613; baseline 0 -27"><span class='ocrx_word' id='word_1_145' title='bbox 203 2515 400 2613; x_wconf 91' lang='lat' dir='ltr'><strong>plexosque</strong></span> <span class='ocrx_word' id='word_1_146' title='bbox 426 2512 595 2586; x_wconf 88' lang='lat' dir='ltr'><strong>arborum</strong></span> <span class='ocrx_word' id='word_1_147' title='bbox 620 2537 738 2586; x_wconf 87' lang='lat' dir='ltr'><strong>ramos</strong></span> <span class='ocrx_word' id='word_1_148' title='bbox 765 2513 874 2586; x_wconf 83' lang='lat' dir='ltr'><strong>silvas</strong></span> <span class='ocrx_word' id='word_1_149' title='bbox 902 2515 1135 2588; x_wconf 86' lang='lat' dir='ltr'><strong>committere.</strong></span> 
     </span>
    </p>

    <p class='ocr_par' dir='ltr' id='par_1_5' title="bbox 204 2620 1479 2723">
     <span class='ocr_line' id='line_1_21' title="bbox 204 2620 1479 2723; baseline -0.001 -28"><span class='ocrx_word' id='word_1_150' title='bbox 204 2641 230 2702; x_wconf 79' lang='grc'><strong>·,</strong></span> <span class='ocrx_word' id='word_1_151' title='bbox 306 2620 470 2721; x_wconf 90' lang='lat' dir='ltr'><strong>Namque</strong></span> <span class='ocrx_word' id='word_1_152' title='bbox 510 2622 629 2696; x_wconf 89' lang='lat' dir='ltr'><strong>Persis</strong></span> <span class='ocrx_word' id='word_1_153' title='bbox 670 2624 715 2696; x_wconf 88' lang='lat' dir='ltr'><strong>ab</strong></span> <span class='ocrx_word' id='word_1_154' title='bbox 751 2624 864 2698; x_wconf 87' lang='lat' dir='ltr'><strong>altero</strong></span> <span class='ocrx_word' id='word_1_155' title='bbox 899 2628 1012 2699; x_wconf 89' lang='lat' dir='ltr'><strong>latere</strong></span> <span class='ocrx_word' id='word_1_156' title='bbox 1048 2624 1229 2723; x_wconf 88' lang='lat' dir='ltr'><strong>perpetuis</strong></span> <span class='ocrx_word' id='word_1_157' title='bbox 1257 2625 1479 2696; x_wconf 77' lang='lat' dir='ltr'><strong>montiumc</strong></span> 
     </span>
    </p>

    <p class='ocr_par' dir='ltr' id='par_1_6' title="bbox 177 2733 1445 2834">
     <span class='ocr_line' id='line_1_22' title="bbox 177 2733 1445 2834; baseline -0.002 -25"><span class='ocrx_word' id='word_1_158' title='bbox 177 2735 295 2834; x_wconf 59' lang='lat' dir='ltr'><strong>&#39;iuffl‘s</strong></span> <span class='ocrx_word' id='word_1_159' title='bbox 322 2734 515 2824; x_wconf 87' lang='lat' dir='ltr'><strong>clauditur,</strong></span> <span class='ocrx_word' id='word_1_160' title='bbox 551 2733 647 2832; x_wconf 92' lang='lat' dir='ltr'><strong>quod</strong></span> <span class='ocrx_word' id='word_1_161' title='bbox 672 2735 709 2806; x_wconf 93' lang='lat' dir='ltr'><strong>in</strong></span> <span class='ocrx_word' id='word_1_162' title='bbox 734 2735 995 2832; x_wconf 83' lang='lat' dir='ltr'><strong>longitudinem</strong></span> <span class='ocrx_word' id='word_1_163' title='bbox 1020 2757 1115 2826; x_wconf 81' lang='lat' dir='ltr'><strong>rme,</strong></span> <span class='ocrx_word' id='word_1_164' title='bbox 1149 2737 1185 2806; x_wconf 90' lang='lat' dir='ltr'><strong>in</strong></span> <span class='ocrx_word' id='word_1_165' title='bbox 1220 2733 1445 2807; x_wconf 86' lang='lat' dir='ltr'><strong>latitudinem</strong></span> 
     </span>
    </p>
   </div>
   <div class='ocr_carea' id='block_1_4' title="bbox 200 2983 1446 4420">
    <p class='ocr_par' dir='ltr' id='par_1_7' title="bbox 202 2983 1446 3271">
     <span class='ocr_line' id='line_1_23' title="bbox 238 2983 1446 3058; baseline -0.002 -18"><span class='ocrx_word' id='word_1_166' title='bbox 238 2990 261 3058; x_wconf 69' lang='grc'><strong>5.</strong></span> <span class='ocrx_word' id='word_1_167' title='bbox 280 2993 322 3042; x_wconf 80' lang='lat'><strong>28.</strong></span> <span class='ocrx_word' id='word_1_168' title='bbox 343 2986 470 3039; x_wconf 63' lang='lat' dir='ltr'><strong>&#39;densatae</strong></span> <span class='ocrx_word' id='word_1_169' title='bbox 487 2985 636 3055; x_wconf 73' lang='lat' dir='ltr'><strong>ordinibus]</strong></span> <span class='ocrx_word' id='word_1_170' title='bbox 663 2983 708 3039; x_wconf 87' lang='lat' dir='ltr'><strong>Sic</strong></span> <span class='ocrx_word' id='word_1_171' title='bbox 725 2985 807 3040; x_wconf 80' lang='lat' dir='ltr'><strong>nostri</strong></span> <span class='ocrx_word' id='word_1_172' title='bbox 842 2993 977 3056; x_wconf 86' lang='lat' dir='ltr'><strong>tempore,</strong></span> <span class='ocrx_word' id='word_1_173' title='bbox 1007 3003 1088 3056; x_wconf 85' lang='lat' dir='ltr'><strong>quem</strong></span> <span class='ocrx_word' id='word_1_174' title='bbox 1110 2986 1188 3040; x_wconf 83' lang='lat' dir='ltr'><strong>rebus</strong></span> <span class='ocrx_word' id='word_1_175' title='bbox 1214 2984 1253 3038; x_wconf 83' lang='lat' dir='ltr'><strong>ite</strong></span> <span class='ocrx_word' id='word_1_176' title='bbox 1276 2984 1446 3056; x_wconf 76' lang='lat' dir='ltr'><strong>comparatis,</strong></span> 
     </span>
     <span class='ocr_line' id='line_1_24' title="bbox 202 3053 1231 3120; baseline -0.002 -10"><span class='ocrx_word' id='word_1_177' title='bbox 202 3062 232 3110; x_wconf 85' lang='lat' dir='ltr'><strong>et</strong></span> <span class='ocrx_word' id='word_1_178' title='bbox 255 3053 336 3108; x_wconf 81' lang='lat' dir='ltr'><strong>Snek.</strong></span> <span class='ocrx_word' id='word_1_179' title='bbox 363 3071 423 3107; x_wconf 86' lang='lat' dir='ltr'><strong>mss.</strong></span> <span class='ocrx_word' id='word_1_180' title='bbox 448 3053 482 3106; x_wconf 82' lang='lat' dir='ltr'><strong>ed</strong></span> <span class='ocrx_word' id='word_1_181' title='bbox 511 3071 591 3106; x_wconf 89' lang='lat' dir='ltr'><strong>unum</strong></span> <span class='ocrx_word' id='word_1_182' title='bbox 620 3069 725 3120; x_wconf 83' lang='lat' dir='ltr'><strong>omnes,</strong></span> <span class='ocrx_word' id='word_1_183' title='bbox 754 3071 807 3108; x_wconf 91' lang='lat' dir='ltr'><strong>non</strong></span> <span class='ocrx_word' id='word_1_184' title='bbox 841 3071 895 3107; x_wconf 88' lang='lat' dir='ltr'><strong>non</strong></span> <span class='ocrx_word' id='word_1_185' title='bbox 913 3057 1022 3116; x_wconf 77' lang='lat' dir='ltr'><strong>tumult,</strong></span> <span class='ocrx_word' id='word_1_186' title='bbox 1043 3056 1090 3107; x_wconf 85' lang='lat' dir='ltr'><strong>sed</strong></span> <span class='ocrx_word' id='word_1_187' title='bbox 1107 3057 1231 3116; x_wconf 81' lang='lat' dir='ltr'><strong>uunmrtr.</strong></span> 
     </span>
     <span class='ocr_line' id='line_1_25' title="bbox 202 3120 1445 3194; baseline -0.001 -17"><span class='ocrx_word' id='word_1_188' title='bbox 202 3124 370 3194; x_wconf 66' lang='lat' dir='ltr'><strong>nominibus,</strong></span> <span class='ocrx_word' id='word_1_189' title='bbox 403 3131 434 3175; x_wconf 88' lang='lat' dir='ltr'><strong>ut</strong></span> <span class='ocrx_word' id='word_1_190' title='bbox 459 3120 487 3174; x_wconf 89' lang='lat' dir='ltr'><strong>in</strong></span> <span class='ocrx_word' id='word_1_191' title='bbox 513 3121 591 3174; x_wconf 85' lang='lat' dir='ltr'><strong>editis</strong></span> <span class='ocrx_word' id='word_1_192' title='bbox 614 3121 806 3193; x_wconf 81' lang='lat' dir='ltr'><strong>exemplaribus</strong></span> <span class='ocrx_word' id='word_1_193' title='bbox 869 3141 922 3191; x_wconf 82' lang='lat' dir='ltr'><strong>per</strong></span> <span class='ocrx_word' id='word_1_194' title='bbox 941 3125 1059 3177; x_wconf 79' lang='lat' dir='ltr'><strong>Mediam</strong></span> <span class='ocrx_word' id='word_1_195' title='bbox 1078 3123 1139 3193; x_wconf 82' lang='lat' dir='ltr'><strong>iter]</strong></span> <span class='ocrx_word' id='word_1_196' title='bbox 1163 3123 1233 3176; x_wconf 86' lang='lat' dir='ltr'><strong>Edd.</strong></span> <span class='ocrx_word' id='word_1_197' title='bbox 1251 3128 1315 3174; x_wconf 74' lang='lat' dir='ltr'><strong>vett.</strong></span> <span class='ocrx_word' id='word_1_198' title='bbox 1332 3122 1445 3176; x_wconf 71' lang='lat' dir='ltr'><strong>median</strong></span> 
     </span>
     <span class='ocr_line' id='line_1_26' title="bbox 203 3188 1445 3271; baseline -0.005 -25"><span class='ocrx_word' id='word_1_199' title='bbox 203 3199 308 3263; x_wconf 75' lang='lat' dir='ltr'><strong>praeter</strong></span> <span class='ocrx_word' id='word_1_200' title='bbox 325 3190 480 3244; x_wconf 83' lang='lat' dir='ltr'><strong>Medianum</strong></span> <span class='ocrx_word' id='word_1_201' title='bbox 498 3189 685 3244; x_wconf 79' lang='lat' dir='ltr'><strong>circumfertur.</strong></span> <span class='ocrx_word' id='word_1_202' title='bbox 841 3193 891 3244; x_wconf 83' lang='lat' dir='ltr'><strong>iter</strong></span> <span class='ocrx_word' id='word_1_203' title='bbox 909 3190 978 3259; x_wconf 89' lang='lat' dir='ltr'><strong>(siue</strong></span> <span class='ocrx_word' id='word_1_204' title='bbox 996 3193 1133 3271; x_wconf 85' lang='lat' dir='ltr'><strong>praepos.)</strong></span> <span class='ocrx_word' id='word_1_205' title='bbox 1157 3207 1191 3243; x_wconf 87' lang='lat' dir='ltr'><strong>ex</strong></span> <span class='ocrx_word' id='word_1_206' title='bbox 1209 3189 1284 3243; x_wconf 89' lang='lat' dir='ltr'><strong>codd.</strong></span> <span class='ocrx_word' id='word_1_207' title='bbox 1303 3188 1386 3260; x_wconf 86' lang='lat' dir='ltr'><strong>qualis</strong></span> <span class='ocrx_word' id='word_1_208' title='bbox 1404 3195 1445 3242; x_wconf 81' lang='lat' dir='ltr'><strong>eat</strong></span> 
     </span>
    </p>

    <p class='ocr_par' dir='ltr' id='par_1_8' title="bbox 200 3255 1444 4420">
     <span class='ocr_line' id='line_1_27' title="bbox 238 3255 1444 3338; baseline -0.002 -25"><span class='ocrx_word' id='word_1_209' title='bbox 238 3258 305 3330; x_wconf 83' lang='lat' dir='ltr'><strong>Cap.</strong></span> <span class='ocrx_word' id='word_1_210' title='bbox 317 3266 358 3324; x_wconf 78' lang='lat'><strong>18,</strong></span> <span class='ocrx_word' id='word_1_211' title='bbox 377 3263 401 3327; x_wconf 70' lang='grc' dir='ltr'><strong>ξ.</strong></span> <span class='ocrx_word' id='word_1_212' title='bbox 414 3265 439 3311; x_wconf 77' lang='lat'><strong>2.</strong></span> <span class='ocrx_word' id='word_1_213' title='bbox 458 3259 501 3310; x_wconf 82' lang='lat' dir='ltr'><strong>eui</strong></span> <span class='ocrx_word' id='word_1_214' title='bbox 514 3259 657 3326; x_wconf 77' lang='lat' dir='ltr'><strong>plur-imum</strong></span> <span class='ocrx_word' id='word_1_215' title='bbox 675 3260 794 3312; x_wconf 79' lang='lat' dir='ltr'><strong>credebat</strong></span> <span class='ocrx_word' id='word_1_216' title='bbox 839 3258 911 3311; x_wconf 71' lang='lat' dir='ltr'><strong>Hor.</strong></span> <span class='ocrx_word' id='word_1_217' title='bbox 929 3259 963 3324; x_wconf 86' lang='lat' dir='ltr'><strong>E,</strong></span> <span class='ocrx_word' id='word_1_218' title='bbox 982 3276 1042 3312; x_wconf 90' lang='lat' dir='ltr'><strong>cum</strong></span> <span class='ocrx_word' id='word_1_219' title='bbox 1059 3278 1086 3312; x_wconf 83' lang='lat' dir='ltr'><strong>rn</strong></span> <span class='ocrx_word' id='word_1_220' title='bbox 1104 3258 1211 3338; x_wconf 86' lang='lat' dir='ltr'><strong>reliquis</strong></span> <span class='ocrx_word' id='word_1_221' title='bbox 1229 3257 1306 3310; x_wconf 89' lang='lat' dir='ltr'><strong>codd.</strong></span> <span class='ocrx_word' id='word_1_222' title='bbox 1324 3255 1444 3310; x_wconf 83' lang='lat' dir='ltr'><strong>omnibus</strong></span> 
     </span>
     <span class='ocr_line' id='line_1_28' title="bbox 202 3323 1444 3449; baseline -0.004 -67"><span class='ocrx_word' id='word_1_223' title='bbox 202 3327 292 3449; x_wconf 49' lang='lat' dir='ltr'><strong>Vuffio</strong></span> <span class='ocrx_word' id='word_1_224' title='bbox 315 3328 359 3380; x_wconf 82' lang='lat' dir='ltr'><strong>cui</strong></span> <span class='ocrx_word' id='word_1_225' title='bbox 384 3337 438 3380; x_wconf 82' lang='lat' dir='ltr'><strong>tum</strong></span> <span class='ocrx_word' id='word_1_226' title='bbox 460 3328 534 3448; x_wconf 63' lang='lat' dir='ltr'><strong>plur.</strong></span> <span class='ocrx_word' id='word_1_227' title='bbox 566 3328 732 3393; x_wconf 82' lang='lat' dir='ltr'><strong>credebatur,</strong></span> <span class='ocrx_word' id='word_1_228' title='bbox 759 3343 787 3379; x_wconf 85' lang='lat' dir='ltr'><strong>ee</strong></span> <span class='ocrx_word' id='word_1_229' title='bbox 840 3326 944 3395; x_wconf 81' lang='lat' dir='ltr'><strong>legetur</strong></span> <span class='ocrx_word' id='word_1_230' title='bbox 956 3345 1008 3396; x_wconf 82' lang='lat' dir='ltr'><strong>per</strong></span> <span class='ocrx_word' id='word_1_231' title='bbox 1025 3329 1136 3380; x_wconf 80' lang='lat' dir='ltr'><strong>medium</strong></span> <span class='ocrx_word' id='word_1_232' title='bbox 1159 3337 1216 3380; x_wconf 72' lang='lat' dir='ltr'><strong>tter.</strong></span> <span class='ocrx_word' id='word_1_233' title='bbox 1252 3325 1311 3379; x_wconf 87' lang='lat' dir='ltr'><strong>Hoc</strong></span> <span class='ocrx_word' id='word_1_234' title='bbox 1327 3323 1444 3378; x_wconf 80' lang='lat' dir='ltr'><strong>animad-</strong></span> 
     </span>
     <span class='ocr_line' id='line_1_29' title="bbox 202 3393 1443 3464; baseline -0.003 -14"><span class='ocrx_word' id='word_1_235' title='bbox 202 3413 246 3450; x_wconf 88' lang='lat' dir='ltr'><strong>cre</strong></span> <span class='ocrx_word' id='word_1_236' title='bbox 279 3397 322 3448; x_wconf 87' lang='lat' dir='ltr'><strong>bot</strong></span> <span class='ocrx_word' id='word_1_237' title='bbox 341 3393 401 3448; x_wconf 82' lang='lat' dir='ltr'><strong>mati</strong></span> <span class='ocrx_word' id='word_1_238' title='bbox 418 3403 446 3446; x_wconf 89' lang='lat' dir='ltr'><strong>et</strong></span> <span class='ocrx_word' id='word_1_239' title='bbox 485 3393 654 3464; x_wconf 76' lang='lat' dir='ltr'><strong>askenburgii</strong></span> <span class='ocrx_word' id='word_1_240' title='bbox 678 3403 706 3448; x_wconf 87' lang='lat' dir='ltr'><strong>et</strong></span> <span class='ocrx_word' id='word_1_241' title='bbox 723 3395 805 3448; x_wconf 87' lang='lat' dir='ltr'><strong>nostri</strong></span> <span class='ocrx_word' id='word_1_242' title='bbox 840 3411 916 3448; x_wconf 86' lang='lat' dir='ltr'><strong>verso</strong></span> <span class='ocrx_word' id='word_1_243' title='bbox 934 3395 993 3448; x_wconf 90' lang='lat' dir='ltr'><strong>Bon</strong></span> <span class='ocrx_word' id='word_1_244' title='bbox 1030 3395 1096 3447; x_wconf 83' lang='lat' dir='ltr'><strong>rsius</strong></span> <span class='ocrx_word' id='word_1_245' title='bbox 1109 3413 1161 3464; x_wconf 85' lang='lat' dir='ltr'><strong>per</strong></span> <span class='ocrx_word' id='word_1_246' title='bbox 1178 3396 1297 3448; x_wconf 81' lang='lat' dir='ltr'><strong>Medium</strong></span> <span class='ocrx_word' id='word_1_247' title='bbox 1315 3396 1365 3446; x_wconf 79' lang='lat' dir='ltr'><strong>iter</strong></span> <span class='ocrx_word' id='word_1_248' title='bbox 1381 3411 1443 3446; x_wconf 87' lang='lat' dir='ltr'><strong>cou-</strong></span> 
     </span>
     <span class='ocr_line' id='line_1_30' title="bbox 201 3460 1444 3535; baseline -0.002 -18"><span class='ocrx_word' id='word_1_249' title='bbox 201 3473 309 3535; x_wconf 83' lang='lat' dir='ltr'><strong>praeter</strong></span> <span class='ocrx_word' id='word_1_250' title='bbox 332 3462 403 3516; x_wconf 80' lang='lat' dir='ltr'><strong>Flor&#39;.</strong></span> <span class='ocrx_word' id='word_1_251' title='bbox 429 3460 455 3516; x_wconf 89' lang='lat' dir='ltr'>G</span> <span class='ocrx_word' id='word_1_252' title='bbox 479 3479 588 3528; x_wconf 89' lang='lat' dir='ltr'><strong>omnes,</strong></span> <span class='ocrx_word' id='word_1_253' title='bbox 612 3474 665 3516; x_wconf 82' lang='lat' dir='ltr'><strong>tum</strong></span> <span class='ocrx_word' id='word_1_254' title='bbox 690 3479 707 3515; x_wconf 86' lang='lat' dir='ltr'><strong>a</strong></span> <span class='ocrx_word' id='word_1_255' title='bbox 732 3463 805 3516; x_wconf 87' lang='lat' dir='ltr'><strong>libris</strong></span> <span class='ocrx_word' id='word_1_256' title='bbox 839 3462 1003 3516; x_wconf 84' lang='lat' dir='ltr'><strong>iecitFreins</strong></span> <span class='ocrx_word' id='word_1_257' title='bbox 1023 3463 1158 3534; x_wconf 72' lang='lat' dir='ltr'><strong>ebriusque</strong></span> <span class='ocrx_word' id='word_1_258' title='bbox 1177 3463 1204 3516; x_wconf 90' lang='lat' dir='ltr'><strong>in</strong></span> <span class='ocrx_word' id='word_1_259' title='bbox 1219 3471 1321 3516; x_wconf 81' lang='lat' dir='ltr'><strong>textum</strong></span> <span class='ocrx_word' id='word_1_260' title='bbox 1335 3461 1444 3532; x_wconf 83' lang='lat' dir='ltr'><strong>recepit,</strong></span> 
     </span>
     <span class='ocr_line' id='line_1_31' title="bbox 202 3527 1444 3602; baseline -0.002 -17"><span class='ocrx_word' id='word_1_261' title='bbox 202 3533 310 3602; x_wconf 88' lang='lat' dir='ltr'><strong>quidem</strong></span> <span class='ocrx_word' id='word_1_262' title='bbox 327 3530 392 3584; x_wconf 84' lang='lat' dir='ltr'><strong>satis</strong></span> <span class='ocrx_word' id='word_1_263' title='bbox 410 3537 497 3583; x_wconf 85' lang='lat' dir='ltr'><strong>tutum</strong></span> <span class='ocrx_word' id='word_1_264' title='bbox 514 3540 568 3596; x_wconf 87' lang='lat' dir='ltr'><strong>est,</strong></span> <span class='ocrx_word' id='word_1_265' title='bbox 593 3531 638 3583; x_wconf 84' lang='lat' dir='ltr'><strong>sed</strong></span> <span class='ocrx_word' id='word_1_266' title='bbox 656 3548 732 3584; x_wconf 84' lang='lat' dir='ltr'><strong>seusu</strong></span> <span class='ocrx_word' id='word_1_267' title='bbox 750 3549 806 3584; x_wconf 85' lang='lat' dir='ltr'><strong>cas·</strong></span> <span class='ocrx_word' id='word_1_268' title='bbox 840 3540 912 3584; x_wconf 86' lang='lat' dir='ltr'><strong>recte</strong></span> <span class='ocrx_word' id='word_1_269' title='bbox 938 3531 994 3584; x_wconf 90' lang='lat' dir='ltr'><strong>sine</strong></span> <span class='ocrx_word' id='word_1_270' title='bbox 1020 3532 1113 3594; x_wconf 85' lang='lat' dir='ltr'><strong>dubio,</strong></span> <span class='ocrx_word' id='word_1_271' title='bbox 1139 3550 1200 3584; x_wconf 83' lang='lat' dir='ltr'><strong>nam</strong></span> <span class='ocrx_word' id='word_1_272' title='bbox 1211 3547 1248 3593; x_wconf 69' lang='lat' dir='ltr'><strong>‚ea</strong></span> <span class='ocrx_word' id='word_1_273' title='bbox 1265 3529 1315 3582; x_wconf 89' lang='lat' dir='ltr'><strong>fuit</strong></span> <span class='ocrx_word' id='word_1_274' title='bbox 1332 3527 1377 3582; x_wconf 81' lang='lat' dir='ltr'><strong>illa</strong></span> <span class='ocrx_word' id='word_1_275' title='bbox 1394 3529 1444 3582; x_wconf 87' lang='lat' dir='ltr'><strong>cir-</strong></span> 
     </span>
     <span class='ocr_line' id='line_1_32' title="bbox 200 3597 1444 3670; baseline -0.002 -17"><span class='ocrx_word' id='word_1_276' title='bbox 200 3618 266 3654; x_wconf 84' lang='lat' dir='ltr'><strong>sum.</strong></span> <span class='ocrx_word' id='word_1_277' title='bbox 300 3598 398 3669; x_wconf 83' lang='lat' dir='ltr'><strong>Neque</strong></span> <span class='ocrx_word' id='word_1_278' title='bbox 419 3598 490 3651; x_wconf 90' lang='lat' dir='ltr'><strong>enim</strong></span> <span class='ocrx_word' id='word_1_279' title='bbox 507 3598 552 3652; x_wconf 92' lang='lat' dir='ltr'><strong>illo</strong></span> <span class='ocrx_word' id='word_1_280' title='bbox 562 3599 721 3669; x_wconf 86' lang='lat' dir='ltr'><strong>potissimum</strong></span> <span class='ocrx_word' id='word_1_281' title='bbox 739 3607 806 3653; x_wconf 85' lang='lat' dir='ltr'><strong>tem·</strong></span> <span class='ocrx_word' id='word_1_282' title='bbox 839 3599 920 3653; x_wconf 81' lang='lat' dir='ltr'><strong>cultio</strong></span> <span class='ocrx_word' id='word_1_283' title='bbox 939 3599 1203 3666; x_wconf 84' lang='lat' dir='ltr'><strong>multorumdierum,</strong></span> <span class='ocrx_word' id='word_1_284' title='bbox 1221 3616 1300 3670; x_wconf 85' lang='lat' dir='ltr'><strong>quam</strong></span> <span class='ocrx_word' id='word_1_285' title='bbox 1308 3597 1444 3653; x_wconf 85' lang='lat' dir='ltr'><strong>Diodorus</strong></span> 
     </span>
     <span class='ocr_line' id='line_1_33' title="bbox 201 3657 1123 3738; baseline 0 -18"><span class='ocrx_word' id='word_1_286' title='bbox 201 3685 267 3738; x_wconf 91' lang='lat' dir='ltr'><strong>pore</strong></span> <span class='ocrx_word' id='word_1_287' title='bbox 298 3667 456 3720; x_wconf 81' lang='lat' dir='ltr'><strong>Aristandro</strong></span> <span class='ocrx_word' id='word_1_288' title='bbox 488 3667 565 3720; x_wconf 86' lang='lat' dir='ltr'><strong>fidem</strong></span> <span class='ocrx_word' id='word_1_289' title='bbox 600 3683 648 3720; x_wconf 86' lang='lat' dir='ltr'><strong>rex</strong></span> <span class='ocrx_word' id='word_1_290' title='bbox 680 3657 804 3735; x_wconf 84' lang='lat' dir='ltr'><strong>babebat,</strong></span> <span class='ocrx_word' id='word_1_291' title='bbox 838 3683 915 3735; x_wconf 81' lang='lat' dir='ltr'><strong>xvrr,</strong></span> <span class='ocrx_word' id='word_1_292' title='bbox 934 3675 966 3722; x_wconf 84' lang='grc'><strong>68</strong></span> <span class='ocrx_word' id='word_1_293' title='bbox 985 3668 1123 3738; x_wconf 79' lang='lat' dir='ltr'><strong>significat.</strong></span> 
     </span>
     <span class='ocr_line' id='line_1_34' title="bbox 201 3733 1443 3808; baseline -0.002 -18"><span class='ocrx_word' id='word_1_294' title='bbox 201 3737 249 3790; x_wconf 85' lang='lat' dir='ltr'><strong>sed</strong></span> <span class='ocrx_word' id='word_1_295' title='bbox 274 3751 323 3806; x_wconf 86' lang='lat' dir='ltr'><strong>per</strong></span> <span class='ocrx_word' id='word_1_296' title='bbox 354 3743 440 3789; x_wconf 83' lang='lat' dir='ltr'><strong>totum</strong></span> <span class='ocrx_word' id='word_1_297' title='bbox 474 3733 648 3808; x_wconf 82' lang='lat' dir='ltr'><strong>expeditionis</strong></span> <span class='ocrx_word' id='word_1_298' title='bbox 683 3737 803 3808; x_wconf 84' lang='lat' dir='ltr'><strong>spatium.</strong></span> <span class='ocrx_word' id='word_1_299' title='bbox 873 3739 897 3804; x_wconf 70' lang='grc' dir='ltr'><strong>ξ.</strong></span> <span class='ocrx_word' id='word_1_300' title='bbox 910 3744 936 3790; x_wconf 83' lang='lat'><strong>8.</strong></span> <span class='ocrx_word' id='word_1_301' title='bbox 954 3739 1073 3790; x_wconf 80' lang='lat' dir='ltr'><strong>deserere</strong></span> <span class='ocrx_word' id='word_1_302' title='bbox 1091 3738 1185 3788; x_wconf 81' lang='lat' dir='ltr'><strong>milites</strong></span> <span class='ocrx_word' id='word_1_303' title='bbox 1202 3735 1356 3805; x_wconf 81' lang='lat' dir='ltr'><strong>insepultos]</strong></span> <span class='ocrx_word' id='word_1_304' title='bbox 1376 3734 1443 3788; x_wconf 90' lang='lat' dir='ltr'><strong>Vul-</strong></span> 
     </span>
     <span class='ocr_line' id='line_1_35' title="bbox 202 3802 1442 3873; baseline -0.003 -13"><span class='ocrx_word' id='word_1_305' title='bbox 202 3803 282 3860; x_wconf 77' lang='lat' dir='ltr'><strong>certe</strong></span> <span class='ocrx_word' id='word_1_306' title='bbox 300 3821 380 3873; x_wconf 83' lang='lat' dir='ltr'><strong>supra</strong></span> <span class='ocrx_word' id='word_1_307' title='bbox 396 3802 494 3868; x_wconf 76' lang='lat' dir='ltr'><strong>lib-w,</strong></span> <span class='ocrx_word' id='word_1_308' title='bbox 512 3811 547 3856; x_wconf 76' lang='lat'><strong>24</strong></span> <span class='ocrx_word' id='word_1_309' title='bbox 564 3803 592 3856; x_wconf 89' lang='lat' dir='ltr'><strong>in</strong></span> <span class='ocrx_word' id='word_1_310' title='bbox 609 3803 686 3858; x_wconf 79' lang='lat' dir='ltr'><strong>simili</strong></span> <span class='ocrx_word' id='word_1_311' title='bbox 704 3822 733 3858; x_wconf 89' lang='lat' dir='ltr'><strong>re</strong></span> <span class='ocrx_word' id='word_1_312' title='bbox 750 3823 802 3858; x_wconf 88' lang='lat' dir='ltr'><strong>non</strong></span> <span class='ocrx_word' id='word_1_313' title='bbox 856 3811 916 3859; x_wconf 87' lang='lat' dir='ltr'><strong>atur</strong></span> <span class='ocrx_word' id='word_1_314' title='bbox 934 3807 1062 3858; x_wconf 81' lang='lat' dir='ltr'><strong>dimittere</strong></span> <span class='ocrx_word' id='word_1_315' title='bbox 1080 3804 1122 3856; x_wconf 89' lang='lat' dir='ltr'><strong>inc</strong></span> <span class='ocrx_word' id='word_1_316' title='bbox 1142 3814 1177 3856; x_wconf 89' lang='lat' dir='ltr'><strong>te.</strong></span> <span class='ocrx_word' id='word_1_317' title='bbox 1213 3806 1339 3858; x_wconf 77' lang='lat' dir='ltr'><strong>Deserere</strong></span> <span class='ocrx_word' id='word_1_318' title='bbox 1357 3803 1442 3856; x_wconf 86' lang='lat' dir='ltr'><strong>estin</strong></span> 
     </span>
     <span class='ocr_line' id='line_1_36' title="bbox 200 3823 1441 3950; baseline -0.002 -24"><span class='ocrx_word' id='word_1_319' title='bbox 200 3871 293 3926; x_wconf 78' lang='lat' dir='ltr'><strong>addita</strong></span> <span class='ocrx_word' id='word_1_320' title='bbox 315 3871 538 3950; x_wconf 72' lang='lat' dir='ltr'><strong>certiouiusdam</strong></span> <span class='ocrx_word' id='word_1_321' title='bbox 562 3873 687 3942; x_wconf 83' lang='lat' dir='ltr'><strong>temporis</strong></span> <span class='ocrx_word' id='word_1_322' title='bbox 705 3873 802 3942; x_wconf 83' lang='lat' dir='ltr'><strong>signifi-</strong></span> <span class='ocrx_word' id='word_1_323' title='bbox 836 3823 918 3926; x_wconf 57' lang='lat' dir='ltr'><strong>dem.</strong></span> <span class='ocrx_word' id='word_1_324' title='bbox 944 3875 970 3926; x_wconf 79' lang='lat' dir='ltr'>A</span> <span class='ocrx_word' id='word_1_325' title='bbox 992 3872 1064 3926; x_wconf 88' lang='lat' dir='ltr'><strong>Flor.</strong></span> <span class='ocrx_word' id='word_1_326' title='bbox 1090 3824 1193 3926; x_wconf 61' lang='lat' dir='ltr'><strong>AldCG</strong></span> <span class='ocrx_word' id='word_1_327' title='bbox 1218 3871 1291 3924; x_wconf 84' lang='lat' dir='ltr'><strong>Leid</strong></span> <span class='ocrx_word' id='word_1_328' title='bbox 1321 3875 1394 3925; x_wconf 82' lang='lat' dir='ltr'><strong>Voss.</strong></span> <span class='ocrx_word' id='word_1_329' title='bbox 1418 3880 1441 3924; x_wconf 92' lang='lat'><strong>1.</strong></span> 
     </span>
     <span class='ocr_line' id='line_1_37' title="bbox 201 3939 1442 4012; baseline -0.001 -19"><span class='ocrx_word' id='word_1_330' title='bbox 201 3940 289 4005; x_wconf 79' lang='lat' dir='ltr'><strong>ratio,</strong></span> <span class='ocrx_word' id='word_1_331' title='bbox 313 3957 362 3992; x_wconf 89' lang='lat' dir='ltr'><strong>neo</strong></span> <span class='ocrx_word' id='word_1_332' title='bbox 386 3939 455 3992; x_wconf 86' lang='lat' dir='ltr'><strong>mfra</strong></span> <span class='ocrx_word' id='word_1_333' title='bbox 476 3939 521 3992; x_wconf 87' lang='lat' dir='ltr'><strong>lrb.</strong></span> <span class='ocrx_word' id='word_1_334' title='bbox 545 3954 601 4002; x_wconf 85' lang='lat' dir='ltr'><strong>vn,</strong></span> <span class='ocrx_word' id='word_1_335' title='bbox 626 3947 668 3994; x_wconf 81' lang='lat'><strong>³0.</strong></span> <span class='ocrx_word' id='word_1_336' title='bbox 710 3941 802 4012; x_wconf 82' lang='lat' dir='ltr'><strong>Itaque</strong></span> <span class='ocrx_word' id='word_1_337' title='bbox 836 3941 890 3995; x_wconf 90' lang='lat' dir='ltr'><strong>Sed</strong></span> <span class='ocrx_word' id='word_1_338' title='bbox 908 3960 970 3995; x_wconf 84' lang='lat' dir='ltr'><strong>mox</strong></span> <span class='ocrx_word' id='word_1_339' title='bbox 988 3943 1027 3994; x_wconf 84' lang='lat' dir='ltr'><strong>r&#39;tu</strong></span> <span class='ocrx_word' id='word_1_340' title='bbox 1044 3959 1098 3995; x_wconf 88' lang='lat' dir='ltr'><strong>non</strong></span> <span class='ocrx_word' id='word_1_341' title='bbox 1115 3951 1156 3994; x_wconf 86' lang='lat' dir='ltr'><strong>est</strong></span> <span class='ocrx_word' id='word_1_342' title='bbox 1173 3941 1222 3993; x_wconf 89' lang='lat' dir='ltr'><strong>nisi</strong></span> <span class='ocrx_word' id='word_1_343' title='bbox 1240 3941 1267 3993; x_wconf 88' lang='lat' dir='ltr'><strong>in</strong></span> <span class='ocrx_word' id='word_1_344' title='bbox 1284 3939 1356 3992; x_wconf 82' lang='lat' dir='ltr'><strong>Flor.</strong></span> <span class='ocrx_word' id='word_1_345' title='bbox 1374 3939 1396 3992; x_wconf 83' lang='lat' dir='ltr'>F</span> <span class='ocrx_word' id='word_1_346' title='bbox 1414 3949 1442 3992; x_wconf 86' lang='lat' dir='ltr'><strong>et</strong></span> 
     </span>
     <span class='ocr_line' id='line_1_38' title="bbox 200 4005 1441 4078; baseline 0 -17"><span class='ocrx_word' id='word_1_347' title='bbox 200 4007 286 4061; x_wconf 85' lang='lat' dir='ltr'><strong>delevi</strong></span> <span class='ocrx_word' id='word_1_348' title='bbox 303 4007 459 4078; x_wconf 79' lang='lat' dir='ltr'><strong>perticulam</strong></span> <span class='ocrx_word' id='word_1_349' title='bbox 482 4005 557 4060; x_wconf 89' lang='lat' dir='ltr'><strong>unius</strong></span> <span class='ocrx_word' id='word_1_350' title='bbox 581 4007 640 4061; x_wconf 91' lang='lat' dir='ltr'><strong>libri</strong></span> <span class='ocrx_word' id='word_1_351' title='bbox 658 4008 801 4076; x_wconf 79' lang='lat' dir='ltr'><strong>leidensis,</strong></span> <span class='ocrx_word' id='word_1_352' title='bbox 837 4028 904 4064; x_wconf 76' lang='lat' dir='ltr'><strong>em.</strong></span> <span class='ocrx_word' id='word_1_353' title='bbox 927 4009 1044 4064; x_wconf 86' lang='lat' dir='ltr'><strong>secunda</strong></span> <span class='ocrx_word' id='word_1_354' title='bbox 1066 4009 1092 4063; x_wconf 91' lang='lat' dir='ltr'><strong>in</strong></span> <span class='ocrx_word' id='word_1_355' title='bbox 1120 4009 1145 4064; x_wconf 90' lang='lat' dir='ltr'>G</span> <span class='ocrx_word' id='word_1_356' title='bbox 1169 4011 1290 4074; x_wconf 84' lang='lat' dir='ltr'><strong>(fortasse</strong></span> <span class='ocrx_word' id='word_1_357' title='bbox 1312 4007 1441 4061; x_wconf 82' lang='lat' dir='ltr'><strong>etiamin</strong></span> 
     </span>
     <span class='ocr_line' id='line_1_39' title="bbox 201 4074 1442 4158; baseline -0.002 -28"><span class='ocrx_word' id='word_1_358' title='bbox 201 4077 248 4130; x_wconf 88' lang='lat' dir='ltr'><strong>sed</strong></span> <span class='ocrx_word' id='word_1_359' title='bbox 266 4074 374 4145; x_wconf 86' lang='lat' dir='ltr'><strong>optimi,</strong></span> <span class='ocrx_word' id='word_1_360' title='bbox 399 4075 556 4129; x_wconf 84' lang='lat' dir='ltr'><strong>auctoritate</strong></span> <span class='ocrx_word' id='word_1_361' title='bbox 577 4093 593 4129; x_wconf 89' lang='lat' dir='ltr'><strong>e</strong></span> <span class='ocrx_word' id='word_1_362' title='bbox 615 4074 704 4146; x_wconf 86' lang='lat' dir='ltr'><strong>priore</strong></span> <span class='ocrx_word' id='word_1_363' title='bbox 725 4095 802 4130; x_wconf 78' lang='lat' dir='ltr'><strong>versu</strong></span> <span class='ocrx_word' id='word_1_364' title='bbox 836 4081 912 4132; x_wconf 87' lang='lat' dir='ltr'><strong>Voss.</strong></span> <span class='ocrx_word' id='word_1_365' title='bbox 926 4087 935 4130; x_wconf 92' lang='lat'>1</span> <span class='ocrx_word' id='word_1_366' title='bbox 951 4077 1049 4148; x_wconf 86' lang='lat' dir='ltr'><strong>quippe</strong></span> <span class='ocrx_word' id='word_1_367' title='bbox 1068 4078 1115 4158; x_wconf 90' lang='lat' dir='ltr'><strong>qui</strong></span> <span class='ocrx_word' id='word_1_368' title='bbox 1132 4096 1183 4130; x_wconf 90' lang='lat' dir='ltr'><strong>non</strong></span> <span class='ocrx_word' id='word_1_369' title='bbox 1198 4077 1442 4145; x_wconf 84' lang='lat' dir='ltr'><strong>cornmemoretur);</strong></span> 
     </span>
     <span class='ocr_line' id='line_1_40' title="bbox 201 4143 1442 4225; baseline 0 -27"><span class='ocrx_word' id='word_1_370' title='bbox 201 4145 253 4199; x_wconf 82' lang='lat' dir='ltr'><strong>huo</strong></span> <span class='ocrx_word' id='word_1_371' title='bbox 269 4153 410 4199; x_wconf 71' lang='lat' dir='ltr'><strong>retractam</strong></span> <span class='ocrx_word' id='word_1_372' title='bbox 427 4154 507 4210; x_wconf 83' lang='lat' dir='ltr'><strong>ratus,</strong></span> <span class='ocrx_word' id='word_1_373' title='bbox 527 4163 587 4197; x_wconf 86' lang='lat' dir='ltr'><strong>nam</strong></span> <span class='ocrx_word' id='word_1_374' title='bbox 605 4153 632 4198; x_wconf 91' lang='lat' dir='ltr'><strong>et</strong></span> <span class='ocrx_word' id='word_1_375' title='bbox 648 4155 726 4198; x_wconf 79' lang='lat' dir='ltr'><strong>antea</strong></span> <span class='ocrx_word' id='word_1_376' title='bbox 741 4157 801 4210; x_wconf 83' lang='lat' dir='ltr'><strong>tum,</strong></span> <span class='ocrx_word' id='word_1_377' title='bbox 836 4147 864 4200; x_wconf 90' lang='lat' dir='ltr'><strong>in</strong></span> <span class='ocrx_word' id='word_1_378' title='bbox 887 4147 995 4217; x_wconf 88' lang='lat' dir='ltr'><strong>reliquis</strong></span> <span class='ocrx_word' id='word_1_379' title='bbox 1017 4147 1138 4200; x_wconf 74' lang='lat' dir='ltr'><strong>omnibus</strong></span> <span class='ocrx_word' id='word_1_380' title='bbox 1162 4149 1247 4225; x_wconf 79' lang='lat' dir='ltr'><strong>itaque</strong></span> <span class='ocrx_word' id='word_1_381' title='bbox 1274 4143 1384 4213; x_wconf 82' lang='lat' dir='ltr'><strong>legitur,</strong></span> <span class='ocrx_word' id='word_1_382' title='bbox 1406 4161 1442 4198; x_wconf 80' lang='lat' dir='ltr'><strong>ex</strong></span> 
     </span>
     <span class='ocr_line' id='line_1_41' title="bbox 201 4213 1273 4283; baseline 0.002 -17"><span class='ocrx_word' id='word_1_383' title='bbox 201 4231 256 4268; x_wconf 87' lang='lat' dir='ltr'><strong>nou</strong></span> <span class='ocrx_word' id='word_1_384' title='bbox 273 4223 349 4278; x_wconf 82' lang='lat' dir='ltr'><strong>tuuc,</strong></span> <span class='ocrx_word' id='word_1_385' title='bbox 373 4221 403 4265; x_wconf 88' lang='lat' dir='ltr'><strong>ut</strong></span> <span class='ocrx_word' id='word_1_386' title='bbox 426 4213 512 4266; x_wconf 92' lang='lat' dir='ltr'><strong>estin</strong></span> <span class='ocrx_word' id='word_1_387' title='bbox 530 4213 619 4279; x_wconf 85' lang='lat' dir='ltr'><strong>editis,</strong></span> <span class='ocrx_word' id='word_1_388' title='bbox 637 4213 801 4268; x_wconf 85' lang='lat' dir='ltr'><strong>scribendum</strong></span> <span class='ocrx_word' id='word_1_389' title='bbox 836 4223 902 4268; x_wconf 86' lang='lat' dir='ltr'><strong>nota</strong></span> <span class='ocrx_word' id='word_1_390' title='bbox 918 4215 987 4268; x_wconf 81' lang='lat' dir='ltr'><strong>rnale</strong></span> <span class='ocrx_word' id='word_1_391' title='bbox 1005 4213 1153 4279; x_wconf 86' lang='lat' dir='ltr'><strong>intellecta,</strong></span> <span class='ocrx_word' id='word_1_392' title='bbox 1172 4231 1273 4283; x_wconf 72' lang='lat' dir='ltr'><strong>opinor.</strong></span> 
     </span>
     <span class='ocr_line' id='line_1_42' title="bbox 201 4281 1440 4351; baseline 0.002 -17"><span class='ocrx_word' id='word_1_393' title='bbox 201 4281 253 4335; x_wconf 89' lang='lat' dir='ltr'><strong>fuit</strong></span> <span class='ocrx_word' id='word_1_394' title='bbox 279 4289 392 4351; x_wconf 83' lang='lat' dir='ltr'><strong>propter</strong></span> <span class='ocrx_word' id='word_1_395' title='bbox 419 4283 493 4334; x_wconf 83' lang='lat' dir='ltr'><strong>codd.</strong></span> <span class='ocrx_word' id='word_1_396' title='bbox 525 4299 685 4334; x_wconf 82' lang='lat' dir='ltr'><strong>consensum.</strong></span> <span class='ocrx_word' id='word_1_397' title='bbox 730 4281 802 4345; x_wconf 85' lang='lat' dir='ltr'><strong>Quin</strong></span> <span class='ocrx_word' id='word_1_398' title='bbox 872 4286 894 4350; x_wconf 85' lang='lat'><strong>§.</strong></span> <span class='ocrx_word' id='word_1_399' title='bbox 913 4289 939 4338; x_wconf 83' lang='lat'><strong>5.</strong></span> <span class='ocrx_word' id='word_1_400' title='bbox 993 4285 1045 4336; x_wconf 82' lang='lat' dir='ltr'><strong>uod</strong></span> <span class='ocrx_word' id='word_1_401' title='bbox 1062 4285 1090 4334; x_wconf 84' lang='lat' dir='ltr'><strong>e&#39;u</strong></span> <span class='ocrx_word' id='word_1_402' title='bbox 1109 4281 1285 4351; x_wconf 50' lang='lat' dir='ltr'><strong>rostanno,</strong></span> <span class='ocrx_word' id='word_1_403' title='bbox 1305 4285 1333 4334; x_wconf 78' lang='lat' dir='ltr'><strong>in</strong></span> <span class='ocrx_word' id='word_1_404' title='bbox 1350 4285 1440 4336; x_wconf 81' lang='lat' dir='ltr'><strong>latitu-</strong></span> 
     </span>
     <span class='ocr_line' id='line_1_43' title="bbox 201 4301 1439 4420; baseline 0.002 -16"><span class='ocrx_word' id='word_1_405' title='bbox 201 4351 281 4404; x_wconf 87' lang='lat' dir='ltr'><strong>etitun</strong></span> <span class='ocrx_word' id='word_1_406' title='bbox 307 4359 368 4402; x_wconf 82' lang='lat' dir='ltr'><strong>trmc</strong></span> <span class='ocrx_word' id='word_1_407' title='bbox 394 4349 471 4402; x_wconf 81' lang='lat' dir='ltr'><strong>scribi</strong></span> <span class='ocrx_word' id='word_1_408' title='bbox 499 4351 614 4420; x_wconf 86' lang='lat' dir='ltr'><strong>potuerit</strong></span> <span class='ocrx_word' id='word_1_409' title='bbox 631 4368 683 4403; x_wconf 92' lang='lat' dir='ltr'><strong>non</strong></span> <span class='ocrx_word' id='word_1_410' title='bbox 701 4350 802 4416; x_wconf 84' lang='lat' dir='ltr'><strong>dubito,</strong></span> <span class='ocrx_word' id='word_1_411' title='bbox 837 4353 923 4404; x_wconf 77' lang='lat' dir='ltr'><strong>dinem</strong></span> <span class='ocrx_word' id='word_1_412' title='bbox 944 4301 1049 4404; x_wconf 73' lang='lat' dir='ltr'><strong>Cdx&#39;x&#39;</strong></span> <span class='ocrx_word' id='word_1_413' title='bbox 1064 4354 1153 4404; x_wconf 78' lang='lat' dir='ltr'><strong>stedia</strong></span> <span class='ocrx_word' id='word_1_414' title='bbox 1173 4353 1317 4419; x_wconf 83' lang='lat' dir='ltr'><strong>procurrit]</strong></span> <span class='ocrx_word' id='word_1_415' title='bbox 1354 4353 1439 4406; x_wconf 74' lang='lat' dir='ltr'><strong>Lotus</strong></span> 
     </span>
    </p>
   </div>
   <div class='ocr_carea' id='block_1_5' title="bbox 200 4417 1440 4492">
    <p class='ocr_par' dir='ltr' id='par_1_9' title="bbox 200 4417 1440 4492">
     <span class='ocr_line' id='line_1_44' title="bbox 200 4417 1440 4492; baseline 0.001 -19"><span class='ocrx_word' id='word_1_416' title='bbox 200 4421 248 4474; x_wconf 74' lang='lat' dir='ltr'><strong>eeu</strong></span> <span class='ocrx_word' id='word_1_417' title='bbox 265 4427 358 4473; x_wconf 76' lang='lat' dir='ltr'><strong>ructor</strong></span> <span class='ocrx_word' id='word_1_418' title='bbox 374 4417 479 4472; x_wconf 85' lang='lat' dir='ltr'><strong>videtur</strong></span> <span class='ocrx_word' id='word_1_419' title='bbox 496 4419 606 4472; x_wconf 76' lang='lat' dir='ltr'><strong>voluisse</strong></span> <span class='ocrx_word' id='word_1_420' title='bbox 624 4437 677 4473; x_wconf 92' lang='lat' dir='ltr'><strong>non</strong></span> <span class='ocrx_word' id='word_1_421' title='bbox 690 4417 802 4472; x_wconf 81' lang='lat' dir='ltr'><strong>tantillo</strong></span> <span class='ocrx_word' id='word_1_422' title='bbox 837 4420 941 4473; x_wconf 84' lang='lat' dir='ltr'><strong>videtur</strong></span> <span class='ocrx_word' id='word_1_423' title='bbox 962 4417 1211 4489; x_wconf 84' lang='lat' dir='ltr'><strong>subintelligendum</strong></span> <span class='ocrx_word' id='word_1_424' title='bbox 1233 4437 1289 4474; x_wconf 82' lang='lat' dir='ltr'><strong>esso</strong></span> <span class='ocrx_word' id='word_1_425' title='bbox 1312 4419 1347 4472; x_wconf 86' lang='lat' dir='ltr'><strong>ad</strong></span> <span class='ocrx_word' id='word_1_426' title='bbox 1365 4439 1440 4492; x_wconf 89' lang='lat' dir='ltr'><strong>prou.</strong></span> 
     </span>
    </p>
   </div>
   <div class='ocr_carea' id='block_1_6' title="bbox 0 0 1672 5066">
    <p class='ocr_par' dir='ltr' id='par_1_10' title="bbox 0 0 1672 5066">
     <span class='ocr_line' id='line_1_45' title="bbox 0 0 1672 5066; baseline 0 2"><span class='ocrx_word' id='word_1_427' title='bbox 0 0 1672 5066; x_wconf 95' lang='lat' dir='ltr'><strong> </strong></span> 
     </span>
    </p>
   </div>
  </div>
 </body>
</html>
