3324 5054
245 305 317 376 136
710 319 745 382 Q.
780 316 906 370 cuarn
939 317 1026 371 aum

238 503 317 574 licio
345 501 412 573 rite
437 511 659 599 perpetrato,
694 504 870 600 reliquum
902 505 1018 576 noctis
1045 506 1272 600 acquieturus
1298 508 1336 580 in
1363 508 1482 580 taber-

236 610 405 684 naculum
429 611 544 687 rediit.
583 611 655 687 Sed
680 639 748 688 nec
773 638 939 686 somnum
965 637 1104 710 capere,
1129 640 1197 687 nec
1221 619 1378 712 quietem
1403 620 1482 716 pati

236 731 389 818 poterat.
441 723 550 797 Modo
576 749 595 796 e
621 725 704 817 iugo
730 723 862 792 montis
889 721 1001 792 aciem
1027 722 1064 792 in
1091 721 1261 794 dextrum
1287 726 1481 802 Persarum

237 857 348 906 eomu
375 833 563 906 demittere
590 830 759 926 agitabat,
774 827 882 900 modo
908 839 1008 902 recta
1034 832 1152 904 fronte
1178 857 1390 908 concurrere
1416 839 1481 911 ho-

144 951 145 954 ’
235 943 297 1034 sti,
329 943 509 1016 interdum
540 941 734 1026 haesitare,
770 961 816 1008 an
848 939 968 1036 potius
1004 940 1041 1012 in
1077 942 1219 1014 laevum
1245 941 1480 1040 detorqueret.

235 1079 373 1151 agmen.
427 1049 589 1121 Tandem
619 1060 810 1146 grevenum
845 1051 954 1123 animi
989 1052 1173 1127 anxietate
1208 1079 1338 1154 corpus
1371 1055 1479 1128 altior
1501 1078 1535 1123 1:

234 1185 381 1236 somnus
410 1158 596 1257 oppressit

182 1275 231 1345 49
336 1269 482 1367 Iamque
515 1267 595 1342 luce
621 1280 702 1343 orta
735 1271 842 1344 duces
869 1269 916 1341 ad
941 1268 1149 1366 accipienda
1174 1269 1322 1367 imperia
1348 1299 1478 1347 conve·

231 1391 375 1472 nerant,
410 1381 553 1456 insolito
585 1383 678 1454 circa
710 1381 929 1476 praetorium
963 1379 1105 1450 silentio
1141 1381 1302 1452 attoniti:
1343 1385 1477 1480 quippe
1500 1405 1537 1453 ie

231 1493 318 1566 alias
344 1517 526 1567 accersere
551 1494 659 1591 ipsos,
673 1502 710 1562 et
735 1487 916 1560 interdum
942 1499 1126 1562 morantes
1152 1492 1327 1588 castigare
1354 1517 1476 1565 assue-

229 1615 348 1678 verat:
384 1615 469 1677 tunc
500 1627 547 1675 ne
573 1600 700 1673 ultimo
732 1597 876 1696 quidem
901 1623 1022 1672 rerum
1048 1599 1251 1673 discrimine
1277 1603 1477 1700 excitatum

232 1739 310 1788 esse
335 1715 567 1800 mirabantur,
594 1720 631 1782 et
656 1735 730 1782 non
756 1735 882 1784 somno
909 1710 1102 1806 quiescere,
1129 1709 1193 1782 sed
1219 1736 1354 1808 pavore
1380 1736 1476 1784 mar-

230 1846 310 1894 cere
345 1822 548 1894 credebant.
601 1818 690 1893 Non·
715 1832 835 1894 tamen
871 1821 1060 1916 quisquam
1086 1845 1133 1892 ex
1160 1820 1369 1895 custodibus
1396 1848 1474 1897 001·-
1498 1849 1535 1896 ro

229 1933 325 2031 poris
360 1931 493 2004 intrare
528 1930 799 2004 tabernaculum
825 1929 999 2002 audebat:
1034 1939 1072 2001 et
1096 1929 1168 2000 iam
1194 1941 1336 2029 tempus
1362 1934 1474 2006 insta·

227 2044 307 2134 bat,
331 2067 400 2116 nec
431 2042 531 2115 miles
555 2041 694 2112 iniussu
720 2039 819 2113 ducis
846 2048 910 2112 aut
936 2063 1036 2110 arma
1062 2063 1189 2138 capere
1214 2053 1373 2139 poterat,
1406 2055 1474 2117 aut

226 2153 263 2225 in
290 2151 432 2225 ordines
457 2153 518 2224 ire.
558 2147 630 2221 Diu
644 2147 832 2222 Parmenio
859 2159 1059 2239 cunctatus,
1077 2151 1195 2223 cibum
1221 2162 1263 2223 ut
1289 2164 1470 2250 caperent,
1491 2177 1533 2226 ao

225 2265 301 2362 ipse
333 2261 552 2363 pronuntiat.
611 2257 757 2354 Iamque
783 2259 882 2333 exire
908 2285 1055 2333 neeesse
1081 2271 1175 2332 erat:
1210 2271 1297 2334 tune
1322 2261 1471 2336 demum

224 2375 334 2446 intrat
360 2371 648 2459 tabernaculum,
675 2369 887 2466 saepiusque
913 2371 1057 2444 nomine
1083 2372 1350 2467 compellatum,
1383 2399 1468 2448 cum

224 2511 313 2560 voce
345 2509 418 2556 non
456 2489 594 2580 posset,
633 2489 734 2553 tactu
769 2481 950 2554 excitavit
1010 2479 1121 2554 tiata
1147 2481 1222 2572 luc,
1247 2482 1373 2580 inquit,
1398 2499 1469 2559 cst:
1489 2507 1528 2556 ar

224 2597 418 2670 immuunt
451 2591 556 2664 adan
595 2591 695 2664 toste
727 2589 893 2664 edmund:
941 2604 1018 2666 tucis
1051 2593 1146 2665 miles
1179 2593 1290 2666 adduc
1328 2595 1470 2670 marnis

224 2719 370 2805 espectet
394 2704 582 2802 imperium
644 2700 713 2775 Uti
736 2714 784 2775 est
807 2702 903 2800 viper
928 2701 982 2774 itte
1008 2702 1117 2774 animi
1140 2703 1214 2775 tui?
1239 2728 1357 2801 nempe
1381 2707 1470 2778 cnei-

223 2829 292 2889 tere
317 2814 432 2914 vigillas
457 2814 550 2887 soles.
603 2811 664 2882 Ad
700 2811 788 2883 haec
814 2809 1038 2883 Alexander:
1076 2809 1252 2904 Credisne,
1284 2839 1337 2887 ote
1362 2816 1469 2913 prius
1489 2837 1530 2885 aa

222 2952 375 3001 suanum
400 2947 518 3022 capere
538 2923 697 3021 potuisse,
710 2949 813 3021 quum
837 2947 1051 2996 camenam
1075 2924 1469 3019 andnumsollicitudine,

224 3063 308 3138 qima
334 3036 472 3135 'quietem
497 3033 709 3108 moechata?
735 3033 947 3129 signumque
972 3057 1116 3130 pugnae
1133 3034 1223 3106 tuba
1248 3032 1326 3106 deri
1351 3036 1468 3126 iussit

222 3145 271 3220 Et
297 3171 378 3218 cum
404 3146 441 3216 in
466 3143 592 3217 eedem
618 3143 852 3215 admiratione
879 3142 1070 3215 Parmenio
1095 3155 1354 3241 perseveraret,
1367 3145 1469 3241 quod
1488 3170 1530 3218 aa

223 3259 382 3329 solutum
414 3281 453 3328 se
487 3256 580 3327 curis
614 3278 779 3326 somnum
805 3253 942 3349 cepisse
968 3253 1134 3342 dixisset,
1160 3254 1314 3345 illinire,
1339 3255 1468 3352 inquit,

257 3441 280 3508 §-
300 3445 340 3492 16.
365 3439 505 3504 demittere]
529 3437 614 3490 Codd.
632 3435 715 3488 nostri
734 3451 824 3487 omnes
858 3437 1001 3501 accersire,
1034 3435 1078 3488 alii
1155 3455 1193 3490 or.
1223 3435 1300 3490 ΟΕΗ
1323 3437 1403 3490 Bern.
1424 3437 1467 3508 B)

222 3516 251 3560 et
269 3525 334 3587 quos
344 3505 425 3560 Susk.
440 3505 554 3559 contulit
568 3507 708 3569 dimittere·
725 3503 823 3574 primus
859 3519 992 3569 aercae,
1011 3521 1079 3556 unus
1096 3503 1168 3556 For.
1186 3504 1212 3556 D
1230 3521 1291 3558 cum
1308 3505 1365 3558 Pal.
1385 3514 1396 3558 1
1417 3524 1468 3558 ur-

223 3578 353 3628 dcnuttere
372 3574 447 3627 dedit
463 3572 562 3626 Iunius.
859 3572 964 3636 ccssire,
983 3571 1072 3624 nullus
1089 3589 1229 3625 arcessere.

258 3659 411 3694 coancrrcrc
428 3643 506 3760 lostiq
523 3641 623 3694 Idonea
636 3639 719 3708 igitur
732 3647 825 3692 sucto-
893 3642 918 3705 S.
930 3645 971 3692 19.
989 3642 1125 3709 quisquam
1144 3657 1176 3692 er
1195 3642 1354 3708 custodibus]
1372 3641 1468 3712 Vulgo

223 3709 303 3764 ritate
320 3709 363 3762 hic
376 3709 448 3762 locus
461 3727 496 3760 vu
507 3717 597 3778 getam
607 3709 743 3761 lectionem
752 3707 824 3777 apud
860 3722 873 3758 c
897 3717 974 3769 cust,
1007 3725 1055 3761 nos
1083 3709 1155 3778 quod
1181 3707 1208 3760 in
1240 3709 1313 3762 libn's
1341 3711 1467 3765 omnibus

223 3777 280 3831 Liv.
294 3791 378 3842 xxiv,
399 3783 430 3830 lt
448 3777 574 3828 desendet
591 3778 682 3844 quitus
701 3795 757 3830 cunr
775 3777 823 3826 ini·
857 3781 963 3844 praeter
976 3775 1084 3830 Flor.G
1100 3785 1141 3828 ast
1158 3776 1277 3830 dedimus
1292 3779 1467 3833 mmstodio.

216 3846 438 3914 pipi-:Numidae
456 3845 655 3910 concurrissent,
674 3844 700 3896 in
715 3842 824 3897 dubium
893 3844 921 3894 in
939 3846 1044 3896 ordines
1063 3847 1109 3896 irc.
1141 3844 1186 3897 Sic
1202 3857 1266 3910 vm,
1285 3853 1319 3899 to
1337 3864 1468 3914 annaque

223 3923 341 3966 romum
358 3930 374 3964 a
393 3912 526 3966 Douistio.
858 3927 952 3978 cupere
969 3915 1064 3965 milites
1083 3923 1106 3964 et
1124 3915 1163 3964 irc
1181 3915 1209 3964 in
1227 3916 1334 3966 ordines
1352 3916 1437 3966 iussit.

256 3983 284 4034 in
315 3983 415 4034 lncsrnn
442 3983 600 4048 detorqueret
626 3996 717 4048 npnren
745 3981 823 4033 codd.
892 3983 917 4043 s.
942 3985 983 4032 21.
1019 3983 1133 4032 excitare
1159 3983 1264 4048 stipites]
1298 3981 1396 4035 Omnes
1423 3981 1466 4036 sie

222 4059 250 4101 et
272 4048 322 4100 mei
344 4057 373 4101 et
391 4047 471 4101 Snalr.
490 4063 580 4100 omnes
604 4063 662 4099 etim
680 4047 743 4099 edit.
763 4049 823 4100 Mo·
857 4044 927 4098 libri.
946 4047 1089 4101 Medianas
1106 4050 1247 4101 mendosos
1261 4049 1340 4102 titisse
1354 4065 1466 4104 necem

223 4117 317 4176 diana.
341 4117 414 4186 quod
441 4115 524 4168 libens
552 4115 650 4184 accipio
695 4133 725 4167 ro
752 4116 822 4184 vulg.
857 4123 908 4179 est,
927 4115 972 4184 qui
991 4119 1135 4168 exercitare
1152 4117 1305 4170 exhibeant.

222 4194 357 4254 tin-queret,
376 4186 545 4254 nequeenim
559 4192 670 4254 torqucn
692 4184 823 4236 'verbnm
893 4185 916 4250 §.
934 4190 976 4236 23.
1008 4195 1187 4252 perseveraret
1209 4188 1280 4253 meod
1299 4188 1409 4238 solutum
1431 4204 1466 4240 se

223 4252 259 4304 sic
277 4251 379 4304 dicitur.
858 4253 930 4303 cieris
940 4269 1056 4303 somnient
1066 4255 1165 4320 cepisse
1174 4254 1296 4325 dixisset]
1316 4255 1383 4306 Edd.
1393 4262 1464 4307 vett.

258 4319 323 4390 Cap.
343 4327 385 4384 tt,
405 4323 428 4384 S.
449 4325 488 4372 18.
512 4323 654 4386 accersere]
678 4319 730 4372 Alii
749 4320 823 4371 dete·
857 4331 1021 4370 nssaeraret
1042 4323 1113 4388 quod
1141 4338 1249 4375 secretus
1276 4339 1392 4374 smnnum
1418 4340 1465 4374 ce-

220 4389 302 4442 riorcs
320 4387 397 4442 codd.
416 4387 498 4456 (Flos.
518 4389 592 4454 PGl)
619 4397 647 4440 ct
673 4387 733 4440 cdd.
757 4395 824 4440 vett.
854 4389 953 4455 pisset,
974 4389 1066 4441 sedin
1084 4387 1156 4441 nullo
1173 4391 1271 4456 codiee,
1290 4407 1400 4460 quorum
1417 4407 1466 4444 sc·
