3336 5066
557 351 604 401 na
631 349 770 404 cnsrrs
787 352 897 405 max.
923 353 973 423 vr,
1000 353 1041 400 rc.
1339 333 1412 406 259

118 518 291 628 reprime
316 530 481 624 cohorte,
517 559 588 631 quo
624 534 911 608 introduceretur
936 533 983 606 ad
1009 558 1137 630 regem.
1190 535 1296 610 Forte
1323 548 1414 611 cete·

173 642 224 712 ris
258 639 430 733 dimissio,
466 669 559 718 unus
594 644 772 734 Philotas,
807 643 1049 718 Parmenionis
1091 645 1198 734 lilius,
1239 647 1413 720 incertum

175 777 285 848 quam
310 755 358 828 ob
385 781 540 844 causam,
567 755 779 828 substiterat
804 755 840 828 in
866 757 971 854 regia.
1010 753 1103 828 Huic
1129 752 1326 847 Cebalinus,
1353 785 1415 832 ore

175 865 326 938 confuso
358 890 509 962 magnae
542 863 822 960 perturbationis
855 867 959 940 notas
992 868 1299 963 praeseferens,
1333 894 1414 966 ape·

175 974 223 1046 rit
258 1001 349 1072 quae
383 1001 431 1047 ex
463 976 574 1048 fratre
606 989 844 1074 compererat,
880 989 917 1051 et
949 972 1024 1051 sine
1056 976 1224 1049 dilatione
1259 981 1413 1050 nuntiari

122 1101 156 1150 19
175 1087 252 1181 regi
277 1086 386 1159 iubet
426 1085 599 1178 Philotas,
628 1087 830 1160 collaudato
857 1113 909 1177 eo,
923 1089 1084 1187 protinus
1111 1088 1221 1161 intrat
1246 1087 1292 1160 ad
1306 1089 1414 1162 Alex·

175 1193 344 1289 andrum,
382 1198 569 1296 multoque
608 1198 760 1271 invicem
796 1197 841 1271 de
877 1199 952 1272 aliis
985 1199 1090 1271 rebus
1129 1223 1291 1274 sermone
1332 1225 1414 1272 con-

174 1319 330 1404 sumpto,
356 1309 444 1382 nihil
470 1333 605 1398 corum,
632 1334 724 1405 quae
750 1334 798 1382 ex
825 1307 992 1383 Cebalino
1018 1321 1245 1408 cognoverat,
1262 1311 1412 1382 nuntiat

119 1435 156 1483 ‘2⁰
175 1413 252 1490 Sub
278 1444 466 1520 vesperam
493 1443 576 1491 eum
602 1418 838 1518 prodeuntem
864 1421 900 1492 in
925 1419 1102 1494 vestibulo
1136 1420 1254 1517 regiae
1280 1421 1413 1519 excipit

118 1545 153 1592 21
174 1527 333 1621 iuvenis,
359 1555 407 1602 an
433 1527 645 1602 mandatum
671 1540 843 1604 executus
870 1532 964 1604 foret
987 1531 1179 1628 requirens.
1232 1531 1313 1624 llle,
1340 1557 1412 1605 non

174 1631 324 1714 vacasse
350 1641 506 1713 sermoni
532 1665 599 1714 suo
626 1665 748 1738 regem
773 1650 949 1731 causatus,
976 1640 1145 1714 discessit.
1181 1640 1330 1716 Postero
1356 1641 1414 1716 die

176 1746 368 1823 Cebalinus
411 1752 570 1826 venienti
609 1752 648 1824 in
685 1754 821 1851 regiam
856 1763 1002 1849 praesto
1043 1763 1116 1843 est,
1151 1752 1413 1850 intrantemque

174 1859 348 1935 admonet
373 1861 487 1960 pridie
514 1865 795 1938 communicatae
821 1889 902 1936 cum
927 1865 1005 1961 ipso
1031 1865 1091 1938 rei.
1126 1863 1188 1937 llle
1214 1889 1320 1938 curae
1346 1865 1413 1937 sibi

175 1995 254 2044 esse
280 1971 492 2070 respondet:
519 1999 562 2047 ac
587 2000 634 2049 ne
660 1985 739 2048 tum
764 1973 907 2072 quidem
933 1975 1008 2073 regi
1033 1999 1124 2072 quae
1150 1973 1312 2047 audierat
1331 1999 1413 2071 ape·
1510 1971 1516 1981 ’

121 2100 156 2148 aa
175 2081 233 2154 rit
286 2079 464 2182 Coeperat
495 2082 667 2160 Cebalino
699 2109 778 2160 esse
810 2087 1018 2184 suspectus.v
1063 2084 1189 2183 Itaque
1220 2110 1293 2158 non
1319 2084 1414 2158 ultra

175 2193 477 2292 interpellandum
501 2207 620 2288 ratus,
654 2197 766 2271 nobili
791 2195 920 2287 iuveni,
946 2195 1086 2271 Metron
1113 2206 1194 2272 erat
1214 2196 1248 2269 ei
1272 2219 1413 2300 nomen,

176 2327 285 2403 super
311 2308 626 2381 armamentarium
651 2308 780 2406 posite,
806 2307 903 2404 quod
928 2310 1042 2382 scelus
1068 2318 1254 2407 pararetur
1271 2304 1413 2378 indicat.

123 2434 157 2482 rr
176 2413 240 2488 llle
273 2413 444 2492 Cebalino
480 2418 517 2490 in
556 2419 831 2492 armamentario
864 2417 1088 2508 abscondito,
1129 2417 1290 2515 protinus
1325 2415 1411 2512 regi,

176 2551 306 2626 corpus
332 2529 426 2602 forte
452 2530 602 2620 curanti,
629 2527 716 2626 quid
742 2529 774 2601 ei
799 2528 909 2602 index
935 2527 1129 2619 detulisset,
1156 2527 1321 2602 ostendit

123 2655 158 2702 ²4
280 2635 377 2730 Rex,
412 2637 461 2712 ad
492 2637 868 2738 comprehendendum
898 2637 1067 2712 Dimnum
1100 2639 1215 2712 missis
1256 2639 1462 2712 satelliti-27

177 2747 262 2841 bus,
292 2749 609 2824 armamentarium
645 2750 766 2824 intrat.
823 2749 878 2824 lbi
910 2748 1099 2824 Cababum
1130 2749 1260 2849 gaudio
1287 2751 1412 2840 elatus,

176 2859 293 2954 Habeo
327 2874 371 2954 te,
405 2861 537 2958 inquit,
572 2861 767 2936 incolmnem
792 2886 833 2934 ea
866 2861 1045 2960 imprbram
1077 2861 1230 2936 mandra
1255 2875 1412 2962 ereptam.

124 2987 159 3036 2⁵
178 2966 415 3045 Percontatrs
443 2971 573 3046 deinde
598 2970 806 3046 Alexander
832 2997 923 3070 quae
948 2970 1129 3047 noscenda
1154 2983 1265 3065 erant,
1291 2971 1416 3047 ordine

178 3159 209 3206 ut
226 3151 310 3208 nata
327 3153 415 3208 rorent
432 3156 475 3209 ao
493 3155 724 3210 mansuetum.
742 3155 783 3210 os.
817 3156 948 3209 ortana
967 3157 1048 3210 verso
1070 3157 1176 3237 propa
1196 3158 1271 3212 seua
1288 3140 1341 3222 aa]
1368 3156 1416 3210 uu

178 3221 213 3275 ad
229 3235 275 3289 ιν,
292 3227 340 3289 50,
357 3229 400 3277 26.
436 3222 518 3287 Quod
539 3223 725 3295 sequiturque
743 3225 784 3276 in·
818 3223 899 3294 princi
968 3241 1000 3278 ac
1022 3225 1121 3280 nobiles
1147 3225 1195 3279 ribi
1219 3226 1322 3296 placere
1348 3241 1416 3294 quae

178 3291 358 3344 traduceretur
383 3307 434 3361 pro
461 3309 479 3346 a
506 3309 556 3363 quo
578 3309 598 3346 a.
696 3309 783 3372 poem,
819 3291 877 3372 quis
906 3292 988 3346 coerit
1005 3293 1154 3348 humaniter
1171 3294 1325 3365 significant
1343 3292 1417 3346 Infra

179 3357 258 3427 paulo
283 3357 439 3413 insolentius
460 3359 569 3414 dictum.
682 3377 720 3414 nc
736 3359 784 3414 Se-
819 3360 862 3414 hb.
881 3375 935 3428 vu,
953 3366 984 3428 8,
1003 3369 1033 3415 17
1057 3364 1219 3416 conaudetur
1237 3373 1261 3415 et
1272 3363 1415 3431 promissis

179 3441 243 3479 neca
261 3425 388 3482 Controv.
402 3428 516 3482 tadfin.
534 3428 784 3482 contraMoxt‘mum
818 3439 950 3496 enectus,
967 3434 1124 3497 V111²42³⁸
1141 3431 1293 3484 Alexander
1308 3431 1415 3482 multren
1497 3501 1498 3504 Ἴ

179 3495 342 3576 Statiniam,
361 3497 612 3578 quopeemebotur,
630 3513 785 3577 aenncomee
819 3499 964 3552 coduadato
983 3499 1139 3568 Spitamene.

178 3563 503 3686 1...
519 3564 785 3688 11111111
852 3617 968 3680 ,tn
985 3609 1131 3672 como
1156 3617 1245 3681 <aa
1267 3599 1328 3653 n„

178 3698 283 3754 adiutor
308 3699 432 3755 laudatur
452 3701 481 3754 in
508 3701 640 3772 sennim
665 3701 775 3755 Fmimh
819 3670 883 3723 editt
901 3677 1005 3740 pmoel'
1021 3667 1095 3722 Mod.
1112 3669 1203 3722 ortlme
1220 3686 1329 3723 inverso.

179 3765 308 3838 130251,
343 3768 440 3824 Meum
457 3768 550 3824 lunius
568 3789 586 3823 a
605 3788 655 3840 qu,
687 3771 734 3824 „d
752 3741 785 3823 m}
854 3759 937 3820 §2¹-
961 3771 1038 3808 curae
1056 3755 1108 3808 arbi
1125 3771 1180 3807 esee
1197 3755 1344 3824 respondet]
1362 3753 1415 3806 Re-

75 3835 83 3846 ·
179 3834 229 3889 hoc
244 3834 352 3907 quidem
369 3836 398 3890 in
416 3837 493 3892 codd,
512 3845 561 3892 ω,
662 3810 669 3838 ’
819 3823 923 3901 spondit
941 3821 1018 3892 vulgo
1035 3821 1136 3888 editur,
1162 3822 1208 3875 sed
1233 3839 1262 3874 re
1294 3819 1376 3874 onder‘
1386 3829 1416 3874 et

212 3905 236 3970 a
255 3909 296 3959 ra
320 3906 377 3959 ane
394 3907 521 3959 crutam
557 3905 633 3961 Libri
650 3913 679 3961 a
695 3905 780 3962 noan
819 3898 904 3970 trano
971 3889 1038 3942 teht
1054 3898 1082 3943 a
1095 3889 1230 3943 manorum
1288 3890 1415 3943 ‹l-wcto·

177 3977 207 4024 οι
223 3969 304 4026 smk,
322 3989 413 4027 0111„oe
430 3973 468 4028 ,10
485 3976 520 4028 ha
553 3983 584 4028 οι
619 3983 651 4029 u,
668 3975 781 4030 „mim
813 3967 887 4012 ntae.
947 3968 999 4012 aret
1015 3958 1138 4012 mendose
1153 3957 1234 4012 Bam.
1250 3961 1276 4010 A
1293 3957 1364 4012 Flor.
1380 3957 1414 4010 Β.

177 4041 248 4094 unde
264 4040 349 4112 princi
422 4041 535 4098 editores
558 4015 685 4098 diluerint
728 4043 782 4098 uod
829 4047 875 4122 ξ.
894 4048 936 4096 2³.
971 4045 1036 4112 quid
1051 4044 1077 4096 ei
1094 4045 1186 4164 ιἠᾰεπὶ
1205 4043 1243 4095 Er
1260 4048 1350 4121 potest
1366 4041 1414 4095 ali·

177 4107 352 4181 huaraquea
396 4111 518 4165 omnibus
539 4123 645 4193 praeter
661 4110 692 4166 M
729 4112 783 4165 'um
819 4129 860 4166 eur
879 4129 1035 4182 quamquam
1053 4110 1146 4164 iniuria
1187 4119 1317 4163 atrmtatis
1336 4127 1415 4164 causa

177 4175 279 4231 editum
296 4179 412 4232 estsine
429 4189 599 4234 cunctatione.
818 4195 875 4233 esse
891 4189 1056 4251 suspectum,
1079 4179 1161 4250 magis
1178 4177 1234 4232 aliis
1271 4178 1324 4232 uod
1340 4179 1415 4232 deest

213 4249 237 4314 ξ.
263 4253 303 4302 19.
349 4249 498 4303 collaudato
525 4249 565 4368 cop
619 4247 784 4302 Conlaudoto
819 4247 846 4301 in
864 4250 934 4302 Mod.
952 4257 981 4300 et
997 4248 1087 4301 abesae
1105 4255 1244 4301 notatura
1296 4246 1414 4302 'dvcta

111 4341 116 4352 =
177 4312 250 4368 Flor.
280 4317 307 4369 A
337 4315 419 4370 Beru.
445 4317 473 4371 A
499 4315 547 4370 Lei

178 4383 328 4437 collaudato
351 4383 422 4438 Flor.
446 4383 507 4451 BC,
525 4384 621 4466 reliqui
648 4393 676 4439 et
703 4385 785 4455 vulgo
821 4395 926 4456 praeter
943 4385 1012 4439 Flor.
1028 4383 1062 4449 C,
1080 4402 1128 4438 nac
1146 4402 1181 4454 qu
1233 4393 1274 4438 est
1292 4384 1318 4437 in
1335 4385 1415 4437 Bern.

177 4451 243 4504 editi
260 4453 377 4506 laudato.
413 4452 571 4508 Rectissime
586 4453 639 4508 rlli:
657 4471 719 4508 nam
735 4456 787 4508 cot·
820 4455 847 4507 A
865 4456 910 4523 qui
927 4456 1036 4508 ‹Ieindex
1054 4453 1105 4508 alio
1122 4453 1245 4525 pertinet.

1197 4539 1244 4591 ll‘

567 4357 578 4370 .
598 4317 675 4371 Voss.
701 4316 784 4383 Mod,
822 4323 850 4384 1,
876 4334 966 4370 verum
993 4317 1017 4370 in
1044 4316 1139 4370 nostris
1170 4316 1179 4368 l
1214 4315 1266 4367 'tur
1295 4316 1415 4370 omnibus
