3330 5050
444 369 450 376 ·
544 353 594 406 nn
626 349 1031 424 scamandrum.
1266 373 1268 380 ,
1345 333 1419 406 359

116 557 159 604 rs
180 535 379 633 principum
408 545 516 634 atque
542 534 746 607 amicorum.
798 532 876 624 Ille,
907 555 948 608 ιν
972 535 1114 608 milibus
1146 536 1303 608 ferarum
1329 536 1421 610 deie-

178 646 257 737 ctis,
283 646 318 720 in
346 647 473 722 eodem
499 647 594 718 saltu
620 669 701 718 cum
727 655 804 718 toto
832 647 991 720 exercitu
1017 647 1182 746 epulatus
1208 657 1274 720 est

283 758 372 832 Inde
397 754 614 830 Maracanda
640 758 793 830 reditum
819 767 890 829 est:
918 769 1134 856 acceptaque
1161 758 1289 831 aetatis
1316 781 1421 829 excu·
1450 763 1471 829 3

114 888 160 935 20
179 871 320 944 satione
352 868 398 940 ab
424 868 622 957 Artabazo,
659 867 876 966 provinciam
908 869 984 941 eius
1016 868 1172 942 destinat
1199 867 1301 942 Clito.
1355 867 1422 940 Hic

180 993 275 1070 erat,
311 979 371 1075 qui
398 977 496 1075 apud
523 976 714 1053 Granicum
741 1003 881 1050 amnem
908 978 1005 1052 nudo
1032 981 1149 1076 capit'c
1175 1003 1296 1076 regern
1323 978 1422 1050 dimi·

179 1102 323 1164 cantem
356 1089 470 1188 clipeo
502 1115 568 1162 suo
600 1091 707 1176 texit,
743 1099 780 1160 et
806 1089 977 1161 Rhosacis
1010 1113 1156 1162 manum
1188 1090 1295 1188 capiti
1327 1089 1422 1187 regis

180 1203 425 1275 imminentem
450 1199 571 1299 gladio
596 1201 814 1298 amputavit:
841 1209 947 1272 vetus
972 1199 1124 1297 Philippi
1150 1201 1262 1290 miles,
1288 1199 1422 1272 multis·

118 1333 156 1380 21
180 1338 252 1410 que
284 1314 419 1388 bellicis
446 1305 613 1410 operibus
645 1311 770 1384 clarus.
823 1307 1021 1399 Hellanice,
1058 1334 1149 1407 quae
1174 1309 1422 1383 Alexandrum

183 1422 416 1512 educaverat,
451 1447 554 1496 soror
585 1421 677 1510 eius,
716 1420 813 1493 haud
845 1445 948 1494 secus
987 1445 1094 1517 quom
1129 1431 1243 1494 mater
1281 1446 1303 1492 a
1336 1443 1421 1517 rege

182 1533 408 1631 diligebatur.
461 1530 520 1608 Ob
556 1533 621 1606 hes
656 1555 781 1604 causas
815 1528 1071 1606 validissimam
1107 1530 1245 1630 imperii
1283 1541 1422 1629 partem

120 1665 160 1712 aa
181 1643 266 1717 fidei
304 1644 380 1717 eius
426 1645 629 1743 tutelaeque
674 1644 858 1717 commisit
928 1641 1075 1740 Iamque
1113 1643 1181 1715 iter
1219 1667 1346 1739 parare
1384 1641 1421 1714 in

180 1765 366 1853 posterum
391 1756 520 1847 iussus,
546 1756 709 1829 sollemni
735 1767 771 1828 et
797 1756 1011 1854 tempestivo
1032 1753 1222 1828 adhibetur
1244 1753 1419 1827 convivio.

181 1863 321 1964 Inquo
347 1889 415 1938 rex
441 1889 523 1938 cum
547 1868 661 1941 multo
692 1867 897 1940 incaluisset
927 1889 1043 1955 mero,
1080 1865 1290 1938 immodicus
1316 1865 1419 1940 aesti-

180 1988 299 2051 mator
331 1977 402 2066 sui,
437 1977 632 2066 celebrare,
673 2001 765 2075 quae
796 1985 959 2075 gesserat
989 1975 1125 2073 coepit,
1159 1975 1280 2074 gravis
1311 1976 1420 2048 etiam

121 2107 159 2155 aa
182 2111 306 2160 eorum
339 2087 501 2179 auribus,
539 2088 600 2186 qui
632 2088 834 2162 sentiebant
865 2109 952 2158 vcra
983 2087 1181 2160 memorari.
1234 2081 1420 2164 Silentium

181 2207 303 2272 tamen
328 2198 487 2273 habuere
513 2198 681 2290 seniores,
714 2198 828 2272 donec
853 2197 1007 2295 Philippi
1031 2221 1089 2270 res
1114 2222 1218 2270 orsus
1244 2197 1419 2288 obterere,

105 2383 119 2392 ,
179 2309 336 2384 nobilem
358 2309 454 2409 apud
472 2309 716 2385 Chaeroneam
743 2310 928 2384 victoriam
953 2309 1009 2382 sui
1034 2309 1152 2407 operis
1178 2309 1287 2382 finisse
1312 2308 1418 2382 iacta·

180 2421 249 2510 vit,
285 2421 561 2520 ademptamque
592 2422 658 2494 sibi
691 2421 911 2518 malignitate
936 2429 975 2493 et
998 2419 1133 2492 invidia
1158 2419 1270 2518 patris
1297 2429 1420 2492 tantae

118 2551 159 2600 aa
178 2530 232 2602 rei
258 2531 418 2628 gloriam.
471 2531 575 2605 Illum
601 2530 754 2629 quidem,
781 2529 956 2604 seditione
982 2531 1075 2603 inter
1092 2529 1307 2604 Macedones
1333 2530 1420 2603 mili·

178 2653 234 2714 tes
262 2654 299 2715 et
326 2639 483 2716 Graecos
509 2643 745 2716 mercenarios
772 2653 861 2732 orta,
887 2640 1112 2714 debilitatum
1140 2641 1295 2730 vulnere,
1323 2643 1420 2738 quod

178 2753 215 2826 in
248 2777 292 2826 ea
324 2755 613 2828 consternatione
644 2764 845 2851 acceperat,
885 2751 1052 2843 iacuisse,
1086 2775 1159 2824 non
1192 2749 1279 2826 alias
1311 2778 1419 2850 quam

178 2943 296 3015 Spirensi
312 2944 463 2998 etMerula
498 2946 575 3001 Unua
592 2946 658 3000 item
675 2945 781 2999 Flora
814 2953 843 2998 et
863 2943 945 2998 Bern.
964 2943 989 2996 A
1011 2942 1137 3015 aspiratio
1166 2943 1345 3014 praemittitur
1365 2945 1417 3000 aic:

177 3029 230 3065 nen
247 3023 276 3066 ut
292 3021 329 3055 ¹-
344 3024 399 3067 uut.
433 3013 491 3067 lam
509 3015 647 3085 quaeritur
663 3014 728 3086 quid
745 3014 780 3066 ab
815 3013 952 3068 Hromcu.
979 3011 1103 3066 Ceterum
1120 3029 1174 3065 non
1190 3016 1261 3066 nudo
1338 3014 1368 3068 'a
1384 3014 1419 3069 de

178 3089 285 3134 auctora
307 3081 460 3150 profectum
481 3098 603 3148 ammom
626 3099 686 3135 nam
709 3081 781 3152 quod
815 3079 946 3142 industria
962 3089 1018 3134 tum
1036 3079 1178 3134 dimicabat
1191 3080 1296 3134 Alexan
1316 3098 1353 3146 er,
1371 3083 1420 3136 sed

178 3149 265 3203 adbuc
280 3149 363 3230 vulgo
381 3150 511 3203 edebatur
532 3169 565 3204 ae
599 3154 658 3204 edes
676 3167 781 3204 venare·
815 3152 940 3204 nudulum
959 3157 1019 3202 eret
1036 3155 1115 3219 caput
1128 3149 1216 3202 hostili
1230 3149 1310 3220 plaga
1342 3148 1420 3204 riom.

177 3227 222 3270 tur
244 3227 289 3270 eut
311 3235 369 3271 une
392 3220 497 3273 delectis
519 3219 553 3272 ab
598 3219 642 3272 ldo
664 3227 718 3284 eat,
746 3218 782 3271 ita
849 3221 924 3287 §.tt
953 3221 982 3270 in
999 3235 1030 3271 cu
1048 3219 1276 3338 consternatione&
1288 3167 1371 3274 epm

178 3293 326 3340 conatuum
341 3287 484 3339 utnullum
498 3287 640 3358 vestigium
654 3294 782 3358 appareat
816 3288 850 3338 ad
867 3301 922 3354 vn,
941 3292 984 3353 ⁴0,
1005 3293 1044 3340 1³.
1081 3285 1207 3340 Ceterum
1231 3305 1256 3338 ιιι
1277 3285 1347 3339 ilde
1387 3303 1421 3342 oc

177 3353 235 3406 eiua
260 3355 333 3424 quod
360 3353 387 3406 in
413 3354 487 3409 libris
512 3373 571 3409 msa.
589 3365 630 3409 eat
656 3375 716 3408 num
742 3365 778 3410 ul.
813 3354 937 3421 tumulas,
956 3371 1006 3408 nec
1023 3356 1057 3408 de
1075 3371 1109 3408 eo
1127 3354 1199 3409 bello
1216 3354 1330 3425 Illyrico,
1349 3357 1420 3428 quod

179 3422 274 3492 ltaque
292 3421 373 3492 paulo
396 3423 505 3494 propius
530 3425 563 3477 ad
586 3433 703 3477 veterem
724 3441 778 3477 me·
812 3432 875 3476 ante
891 3423 975 3494 patria
992 3439 1084 3477 necem
1098 3423 1259 3477 Alexander
1275 3423 1344 3477 aolus
1362 3441 1421 3495 gea-

178 3507 240 3543 num
263 3491 387 3544 weedere
409 3501 475 3562 pulo
495 3497 564 3563 quod
590 3492 646 3564 ipae
670 3492 722 3546 feei
746 3509 779 3546 aa
810 3492 884 3558 serit,
902 3491 1009 3546 aliunde
1025 3501 1139 3546 constat.

177 3567 234 3625 out,
251 3573 343 3612 raum
359 3575 418 3612 ease
438 3561 478 3614 uti
497 3577 531 3614 ue
547 3561 707 3615 contendere
724 3577 778 3614 non
846 3578 899 3614 non
924 3562 994 3614 elica
1022 3578 1100 3630 quum
1132 3561 1299 3616 simulatione
1327 3563 1420 3616 mortis

178 3627 272 3680 audeo.
306 3626 363 3681 Sed
380 3645 444 3710 mox
461 3579 532 3683 edidi
548 3634 778 3710 utqupumioorrnn
814 3631 943 3710 tutiorem]
984 3629 1081 3683 Nescio
1111 3648 1145 3683 an
1171 3629 1356 3711 corrigendum
1385 3630 1420 3685 sit

178 3713 229 3767 pro
250 3695 323 3768 vulg.
340 3715 383 3750 om
518 3716 532 3753 c
558 3699 676 3752 coucam
699 3715 779 3765 ruaau,
815 3717 867 3751 non
883 3699 1095 3770 utrumquem,
1123 3708 1196 3752 certe
1214 3699 1252 3752 sic
1269 3699 1355 3752 dicere
1373 3699 1418 3752 de·

178 3763 447 3886 :ffimpequcssffi
466 3767 492 3820 D
518 3767 544 3835 1)
561 3777 607 3821 out
629 3769 781 3832 amicorum,
815 3767 907 3889 pebet,
926 3765 1119 3888 :quapoaibiffiq
1131 3765 1418 3889 ⁰¹⁰sgh¹¹ll⁸fl⁸tlnimli

454 3874 460 3887 .
827 3853 842 3888 e
892 3851 923 3890 oo
1037 3852 1070 3887 ve
1119 3877 1126 3888 .
1182 3853 1197 3888 c
1240 3853 1321 3888 eram
1346 3853 1362 3888 a
1382 3852 1398 3887 u

63 3962 67 3970 ¹
213 3899 316 3972 espa,
334 3851 572 3969 §.dowllhoaucia
589 3906 705 3972 monum}
730 3903 783 3956 Ve·
818 3853 940 3958 'flabunt
958 3905 1029 3957 Anu.
1043 3917 1085 3968 111,
1103 3911 1133 3959 73
1159 3905 1222 3958 Non
1246 3906 1315 3957 aliua
1332 3854 1418 3974 radgis

179 3979 264 4023 terem
281 3971 349 4022 banc
365 3970 478 4024 nominis
494 3971 648 4042 scripturam
663 3971 783 4025 deseruit
817 3991 867 4026 suo
888 3975 1030 4044 populique
1052 3973 1126 4026 Rom.
1143 3974 1296 4026 castenetto
1315 3975 1418 4026 indolu-

179 4037 364 4108 Suakeuburg.
382 4039 518 4110 ediditque
535 4041 678 4094 secundum
691 4041 782 4094 Arria-
818 4043 870 4094 isac
895 4042 1034 4094 Caesarem
1050 4043 1159 4110 seratur,
1182 4059 1260 4110 quum
1283 4043 1354 4110 quod
1374 4043 1418 4094 dc-
1488 4077 1516 4110 ἵ,

179 4124 243 4160 num
261 4124 294 4160 ac
311 4107 484 4162 Plutarchum
501 4109 654 4174 Rhoecum,
672 4111 718 4162 aed
735 4110 781 4162 de-
816 4119 900 4164 sertor
922 4119 946 4163 ct
967 4113 1070 4179 proedo
1096 4113 1207 4164 Matium
1228 4127 1298 4162 more
1319 4119 1417 4192 operes,

179 4176 262 4230 babet
284 4191 346 4229 eum
368 4193 491 4231 revocare
514 4179 548 4230 ab
571 4193 604 4230 ea
625 4178 781 4244 mutatione,
816 4197 866 4250 pro
889 4195 922 4232 eo
946 4181 1018 4250 quod
1039 4189 1079 4232 est
1096 4181 1131 4232 ob
1150 4179 1227 4232 alium
1245 4195 1300 4230 reru
1318 4179 1417 4232 dictum

180 4244 254 4314 quod
271 4243 299 4298 in
317 4243 391 4300 nullo
409 4245 478 4300 libro
494 4243 624 4300 curtiano
638 4246 782 4316 diphthon-
816 4257 858 4301 est
874 4251 954 4314 ulios,
972 4255 1001 4301 et
1017 4246 1068 4300 dici
1086 4265 1137 4300 non
1155 4250 1223 4300 (diua
1242 4265 1319 4317 quum
1338 4249 1418 4302 aiaut

180 4329 231 4382 gua
247 4329 277 4366 oe
299 4312 443 4381 invenitur,
470 4315 595 4385 quodque
619 4315 698 4370 horno
720 4333 781 4370 con-
816 4335 868 4370 uon
889 4318 959 4369 aliua
982 4319 1033 4368 uisi
1055 4317 1089 4368 ab
1107 4315 1171 4369 lctis
1191 4333 1242 4395 pro
1265 4333 1318 4368 non
1341 4315 1418 4368 aliter

180 4389 284 4434 stanter
305 4398 323 4434 a
345 4381 466 4436 Diodoro
488 4383 555 4450 (vid.
571 4383 726 4452 ll'eaaeling.
748 4386 781 4438 ad
835 4403 895 4438 uam
918 4385 940 4437 ai
963 4385 1086 4455 exposuit
1109 4385 1229 4437 Handrua
1252 4384 1279 4438 in
1301 4381 1416 4436 Turseli.

181 4449 651 4520 libr.xvu,20)‘Pmcdnqcvocamr.
670 4453 781 4507 luleid
815 4404 929 4520 lomi,
945 4470 973 4524 p.
986 4461 1045 4508 225.
1083 4453 1136 4508 Sed
1153 4455 1225 4524 quod
1243 4452 1313 4506 idem
1331 4453 1416 4506 lomm
