3336 5066
560 350 611 402 nn
638 349 766 404 ossrrs
790 349 902 402 ¹nnnx.
935 348 972 416 v,
1002 347 1028 398 ι.
1341 324 1412 400 168

164 534 316 608 altiores
348 544 443 608 sunt
496 532 624 608 Totius
657 531 776 629 operis
809 526 964 602 ambitus
992 549 1139 604 cccuxv
1173 528 1291 602 stadis
1322 555 1415 604 com·

165 646 354 742 plectitur:
389 646 612 744 singulorum
646 639 846 734 stadiorum
872 651 1089 715 structuram
1115 640 1262 738 singulis
1289 640 1414 715 diebus

164 757 367 854 perlectam
393 780 474 830 esse
499 753 693 826 memoriae
720 752 904 851 proditum
930 762 994 824 est.
1033 751 1206 826 Aedificia
1230 778 1303 824 non
1329 762 1414 824 sunt

113 885 145 932 ²²
166 867 320 941 admota
353 865 481 951 muris,
515 863 579 938 sed
612 865 687 939 fere
714 866 871 962 spatirun
897 863 1009 960 iugeri
1036 864 1141 936 unius
1167 861 1308 934 absunt.
1358 863 1415 936 Ac

165 1005 216 1053 ne
243 988 358 1070 totam
385 971 529 1071 quidem
556 977 683 1050 urbem
709 975 814 1048 tectis
842 983 1123 1072 occupavenmt:
1152 998 1216 1071 per
1229 984 1415 1046 Lxxxsta·

165 1089 231 1162 dia
256 1087 451 1176 habitatur,
478 1112 545 1160 nec
570 1087 693 1160 omnis
718 1087 888 1158 continuo
913 1095 1017 1176 sunt,
1043 1082 1166 1174 credo,
1193 1084 1276 1182 quia
1300 1085 1413 1158 tutius

165 1200 290 1272 visum
315 1208 381 1288 ast,
408 1197 571 1296 pluribus
598 1197 686 1269 locis
712 1197 845 1294 spargi.
907 1192 1038 1269 Cetera
1062 1204 1187 1271 serunt
1211 1195 1412 1291 coluntque,

164 1320 221 1399 ub
248 1310 279 1383 Si
304 1319 458 1384 externa
482 1307 539 1378 vis
565 1307 727 1406 ingruat,
762 1307 919 1380 obsessis
955 1307 1122 1379 alimenta
1148 1304 1332 1403 exipsius
1357 1330 1413 1378 ur·
1478 1381 1480 1384 ,
1599 1327 1601 1330 ·

114 1437 148 1486 2⁸
166 1420 225 1494 bis
258 1421 337 1494 solo
371 1418 699 1493 subministrentur.
752 1417 957 1516 Euphrates
982 1417 1168 1506 interfluit,
1193 1441 1415 1514 magnaeque

165 1533 274 1606 molis
300 1529 542 1628 crepidinibus
568 1540 764 1604 coercetur.
818 1525 891 1602 Sed
917 1529 1076 1602 omniurn
1108 1551 1257 1626 operum
1282 1529 1416 1626 magni·

166 1641 332 1715 tudinem
366 1639 654 1714 circumveniunt
693 1663 870 1712 cavernae
905 1639 1084 1736 ingentes,
1119 1637 1156 1710 in
1190 1637 1415 1711 altitudinem

166 1776 318 1851 pressae
342 1751 391 1825 sd
417 1751 665 1850 accipiendum
691 1752 865 1849 impetum
891 1749 1061 1840 fluminis,
1096 1747 1193 1847 quod
1218 1747 1279 1820 ubi
1305 1772 1413 1845 appo-

170 1864 264 1937 sitae
294 1861 490 1962 crepidinis
525 1862 707 1962 fastigium
743 1863 915 1952 excessit,
950 1861 1048 1934 urbis
1080 1869 1177 1934 tecta
1210 1847 1414 1957 corriperet,

117 1992 150 2040 ts
168 1976 238 2048 nisi
252 1985 388 2050 'essent
419 1997 549 2072 specus
575 1974 764 2071 lacusque,
798 1974 859 2071 qui
891 1974 1107 2072 exciperent
1159 1968 1285 2044 Coctili
1309 1971 1413 2044 later·

168 2087 253 2160 culo
279 2084 534 2160 structis'unt:
561 2094 679 2158 totum
706 2109 797 2182 opus
824 2084 999 2157 bitumine
1024 2081 1267 2181 adstringitur.
1315 2081 1413 2156 Pons
1508 2123 1512 2128 ·

166 2195 344 2297 lapideos,
371 2195 509 2269 flumini
534 2195 739 2293 impositus,
775 2195 892 2295 iungit
917 2196 1051 2268 urbem.
1103 2191 1172 2266 Hic
1198 2218 1338 2291 quoque
1363 2193 1414 2266 ἰιι-Ι

167 2319 226 2381 ter
252 2305 428 2381 mirabilis
454 2302 612 2380 Orientis
640 2331 751 2405 opera
775 2316 985 2381 numeratus
1012 2315 1083 2380 est:
1112 2303 1414 2404 quippeEuphra·

169 2429 227 2492 tes
252 2419 367 2494 ultum
392 2419 518 2492 limum
542 2419 654 2508 vehit,
667 2443 740 2517 quo
754 2420 897 2517 penitus
925 2418 972 2491 ad
997 2415 1229 2508 fundamenta
1253 2414 1414 2490 iaciendo.

120 2543 152 2595 ³0
170 2543 307 2629 egesto,
321 2531 385 2603 vix
398 2528 609 2604 sufficiendo
636 2529 737 2630 operi
762 2529 866 2603 iinno
893 2530 1076 2628 reperiimt
1100 2529 1232 2618 solum;
1259 2528 1415 2601 harenae

170 2765 233 2804 urm
248 2754 352 2803 veteres
369 2748 562 2804 etHerodotus
579 2764 663 2819 usque
679 2747 713 2802 sd
731 2747 781 2802 du·
815 2746 884 2800 illius
907 2747 1017 2802 nominis
1038 2764 1082 2802 ess
1103 2748 1199 2801 formas
1242 2763 1291 2801 use
1308 2746 1415 2800 tertiam

169 2825 264 2872 centos
281 2817 419 2885 merim
436 2817 537 2872 Strabo
548 2817 661 2871 libxvr
677 2816 714 2870 τὰ
731 2838 780 2885 με·
814 2815 1016 2870 declinationem
1038 2824 1188 2888 sequantur.
1251 2834 1293 2869 am
1311 2815 1416 2870 Geniti-

171 2887 310 2958 omrdpym
358 2886 365 2898 '
456 2886 463 2898 '
485 2894 522 2952 ta,
540 2893 628 2940 turres
641 2885 781 2955 sexaginta
814 2903 876 2938 vum
902 2884 968 2955 plur.
994 2887 1112 2956 tapetum
1135 2883 1187 2937 slis
1209 2884 1311 2938 ratione
1331 2883 1415 2955 expli·

170 2959 286 3020 πηχέων
314 2954 332 3008 i.
353 2971 377 3008 e.
400 2904 550 3009 sotiorum
576 2954 657 3009 fuisse
687 2953 778 3008 tradit.
814 2953 926 3007 candum
943 2969 999 3008 esso
1016 2961 1099 3026 potet.
1120 2953 1179 3007 Nec
1193 2956 1333 3008 verborum
1350 2953 1415 3007 ordo

170 3021 275 3094 ltsqus'
371 3022 494 3094 sequitur
509 3024 582 3094 apud
598 3030 719 3077 nostmm
731 3021 779 3074 de-
813 3020 843 3074 in
858 3039 919 3075 mss.
936 3022 1063 3090 venatur,
1081 3021 1130 3075 nisi
1148 3021 1220 3104 quod
1235 3021 1309 3076 Flor.
1328 3020 1350 3075 C
1368 3021 1416 3074 ha-

170 3091 212 3144 nis
285 3093 291 3104 '
355 3090 463 3145 sltiores
481 3091 562 3144 fuisse
579 3099 675 3157 turres,
693 3089 778 3171 negli-
813 3090 861 3143 bet
878 3092 964 3160 toperi
981 3094 1094 3172 spatium
1112 3109 1207 3159 umus,
1228 3090 1309 3162 vulgo
1326 3097 1415 3143 sutem

170 3159 278 3231 gentius
294 3159 411 3231 positum
429 3167 471 3214 est
488 3159 636 3231 debuitque
652 3159 756 3212 muns.
813 3157 879 3212 aditi
891 3167 937 3228 sp.
955 3179 1032 3212 ansus
1049 3161 1077 3212 iu
1097 3161 1158 3213 eris.

205 3230 617 3310 ocouxvstodioeomptectitnr]
636 3227 778 3282 Sicemen·
816 3230 870 3348 ,j
888 3233 930 3282 87.
956 3245 1008 3298 per
1024 3241 1104 3280 cxxx
1122 3229 1210 3282 studio
1256 3227 1346 3298 Vulgo
1364 3241 1415 3293 xc,

170 3294 243 3363 dari,
259 3313 320 3351 mm
336 3297 413 3352 codd.
431 3305 495 3350 msti
510 3296 582 3350 inter
598 3297 647 3350 bos
656 3312 779 3350 numeros
886 3313 936 3366 ego
958 3313 1054 3367 sequor
1071 3297 1151 3350 Bern.
1173 3298 1199 3349 A
1245 3296 1292 3351 lor.
1313 3296 1415 3352 ABCG

171 3371 233 3420 888.
259 3371 320 3420 488.
351 3371 411 3420 888.
437 3373 489 3421 878
512 3363 630 3430 renent,
658 3363 780 3435 plerique
813 3363 887 3418 Leid.
915 3365 991 3419 Voss.
1021 3373 1043 3418 1.
1079 3364 1133 3418 Sed
1158 3363 1237 3418 iidem
1263 3366 1317 3418 sere
1338 3367 1414 3419 codd.

172 3441 263 3487 sutem
273 3433 391 3514 etvulgo
402 3433 595 3488 editibsbesnt
613 3446 779 3500 cccuvnr,
813 3432 893 3504 poulo
910 3441 973 3504 post
989 3435 1164 3500 lectitabatur,
1184 3434 1254 3506 quod
1266 3451 1319 3487 non
1332 3435 1416 3504 probo

171 3501 253 3574 ipsius
276 3501 377 3570 Curtii,
394 3518 463 3573 quae
483 3501 610 3556 condono
632 3501 778 3568 subiicitur,
815 3501 877 3572 quis
894 3502 1026 3573 praesenti
1042 3509 1163 3572 tempore
1179 3502 1415 3574 etisminiisquse

170 3570 376 3641 explicationem
457 3569 588 3624 vissimum
613 3586 672 3624 esse
696 3579 780 3626 retus.
814 3586 842 3624 se
863 3578 963 3636 uuntur
989 3570 1075 3624 utitur
1099 3580 1201 3624 auctor.
1250 3571 1301 3624 Est
1326 3579 1415 3626 sutem

171 3639 285 3692 Accedit
300 3638 382 3692 etism
424 3639 528 3694 litarchi
546 3637 691 3694 auotoritas
709 3640 780 3709 spud
814 3587 948 3692 tolitutur
979 3638 1006 3692 in
1032 3638 1103 3692 Flor.
1128 3639 1209 3706 DGI,
1240 3641 1357 3694 totitont
1387 3641 1416 3694 in

171 3706 252 3761 Diod
264 3722 297 3773 11,
312 3714 337 3774 7,
354 3725 408 3788 quo
426 3707 557 3780 scriptore
574 3705 678 3762 Grsooo
695 3707 779 3761 omnis
814 3707 885 3761 Flor.
902 3707 936 3774 Ε,
954 3709 1107 3762 habitantur
1123 3707 1151 3761 in
1168 3707 1275 3762 Flor.H
1293 3707 1373 3762 Bem.
1383 3709 1414 3762 B.

172 3775 258 3830 nostri
274 3775 384 3830 historia
401 3776 506 3831 nititur.
534 3776 686 3839 Secundum
702 3775 780 3830 Stra·
850 3779 874 3846 5.
895 3783 937 3830 28.
977 3778 1006 3829 in
1032 3779 1077 3830 ott.
1098 3779 1220 3846 pressae]
1265 3777 1321 3831 Cic.
1346 3777 1416 3831 dixit

170 3845 269 3898 bouem
290 3845 404 3900 abitus
428 3845 564 3899 moenium
577 3844 628 3898 fuit
645 3850 712 3910 888,
738 3859 780 3898 se·
814 3848 953 3914 depressos
971 3845 997 3898 in
1014 3846 1092 3898 Verr.
1106 3860 1135 3912 V,
1154 3853 1185 3900 27
1193 3864 1200 3912 ;
1218 3853 1309 3900 noster
1325 3854 1415 3912 V,13,
1463 3891 1465 3896 .

171 3913 406 3995 cundumllerod.
424 3929 455 3978 1,
479 3920 537 3968 178.
549 3920 607 3994 Ι480
625 3913 779 3993 stadiorum.
814 3923 939 3983 epresro
965 3915 993 3966 tn
1019 3916 1101 3968 sotum
1128 3917 1208 3968 closo.
1240 3914 1280 3994 lit
1334 3931 1415 3968 emm

173 3982 511 4130 monetes
529 3981 780 4130 mutuus
804 3984 1131 4131 tunulum
1146 3983 1277 4106 88877.
1293 3991 1415 4106 ..litt

173 4119 293 4172 oedificrs
308 4117 428 4173 relictum
445 4120 562 4174 uadens
594 4119 637 4174 Cf.
655 4117 779 4174 Sonuere.
814 4129 891 4192 epist.
908 4135 938 4188 ιι,
958 4128 1000 4184 69,
1019 4127 1044 4174 4.

173 4187 227 4240 lex
245 4186 292 4242 Gr.
309 4206 330 4242 s.
347 4205 372 4240 v.
390 4186 529 4261 πλέθρον.
565 4188 691 4242 Ceterum
709 4186 780 4241 edidi
849 4193 873 4255 8.
892 4195 933 4244 29.
953 4192 1009 4244 uix
1025 4189 1177 4259 sufficiendo
1194 4191 1267 4258 operi
1274 4190 1356 4257 firmo
1373 4207 1415 4242 re-

173 4256 246 4327 quod
262 4255 290 4310 in
307 4257 382 4312 codd.
396 4256 461 4310 meis
479 4257 601 4312 omnibus
617 4266 678 4310 arnt
694 4257 781 4326 toperi
808 4259 918 4326 petunt
937 4261 1020 4311 rotun
1077 4257 1151 4312 Haeo
1171 4267 1213 4312 est
1234 4257 1260 4311 in
1351 4256 1415 4312 'mo-

173 4342 223 4396 pro
305 4326 429 4393 depuis,
447 4333 476 4378 et
493 4325 600 4380 omnino
617 4324 781 4380 verissimum
813 4343 873 4380 rum
890 4325 1008 4380 codicum
1034 4327 1111 4394 ectio,
1130 4326 1218 4398 plures
1234 4345 1257 4380 st
1311 4328 1415 4380 iendttm

173 4402 216 4446 ost
320 4392 449 4450 Gsraton.
468 4395 502 4448 od
522 4393 579 4449 Cic.
596 4393 624 4447 in
642 4394 718 4448 Ver-r.
733 4409 779 4460 111,
814 4397 861 4448 sed
879 4395 957 4466 pauci
974 4401 1002 4463 (e
1019 4395 1090 4450 Flor.
1107 4397 1177 4450 solus
1194 4394 1243 4475 G)¹
1267 4413 1349 4448 rmum
1368 4397 1414 4450 ha-

174 4467 207 4516 tr
232 4466 372 4532 sunotmlt
401 4461 490 4534 politis
516 4463 702 4534 relinquendos
728 4463 852 4518 essebent
870 4465 941 4534 quod
965 4473 1027 4536 post
1046 4465 1149 4518 Aldum
1176 4463 1271 4536 reliqui
1292 4463 1406 4520 editores
