3324 5054
180 343 251 412 112
649 348 683 410 Q·
711 306 835 400 ouuru
860 347 945 401 aum

179 538 298 610 omnia
324 533 596 632 longinquarum
629 533 788 631 gentium
823 531 956 604 auxilia
981 529 1220 628 Babyloniam
1255 529 1418 602 contrahi

177 645 290 718 iussit.
338 643 517 718 Bactriani
544 643 770 743 Scythaeque
802 653 839 714 et
873 641 953 712 Indi
979 647 1244 710 convenerant:
1271 651 1420 713 namet

177 767 377 830 ceterarum
396 758 556 856 gentium
576 755 699 852 copiae
717 751 880 849 partibus
903 748 1010 820 simul
1032 747 1223 818 affluerunt.
1251 745 1452 821 Ceterums

178 891 258 940 cum
286 867 431 942 dimidio
457 870 568 941 ferme
593 865 707 934 maior
733 869 830 932 esset
855 857 1055 944 exercitus,
1092 880 1201 952 quam
1233 857 1270 928 in
1299 855 1420 930 Cilicia

177 979 314 1070 fuerat,
349 979 470 1050 multis
497 997 597 1045 arma
623 970 789 1058 deerant,
825 991 917 1064 quae
950 991 1091 1038 smnma
1125 993 1212 1040 cura
1237 993 1419 1065 compara·

176 1088 318 1162 bantur.
371 1084 558 1179 Equitibus
586 1081 756 1178 equisque
782 1089 991 1178 tegumenta
1017 1089 1121 1150 erant
1147 1103 1195 1150 ex
1220 1079 1344 1153 ferreis
1371 1079 1419 1152 la·

176 1198 280 1271 minis
308 1195 400 1266 serie
425 1193 519 1264 inter
544 1217 583 1266 se
609 1192 798 1266 connexis:
826 1191 905 1289 quis
933 1198 1040 1262 antea
1065 1197 1210 1286 praeter
1232 1189 1348 1263 iacula
1367 1191 1419 1262 ni·

177 1307 227 1380 bil
271 1303 439 1393 dederat,
484 1315 585 1377 scuta
627 1301 806 1402 gladiique
850 1299 1129 1374 adiiciebantur:
1175 1319 1454 1396 equorumques

176 1413 346 1488 domandi
372 1437 499 1512 greges
525 1415 704 1513 peditibus
731 1411 914 1486 distributi
940 1420 1034 1502 sunt,
1061 1422 1104 1483 ut
1128 1410 1243 1482 maior
1268 1410 1419 1508 pristino

176 1537 272 1601 esset
297 1527 495 1623 equitatus:
529 1527 742 1622 ingensque,
770 1531 813 1596 ut
845 1519 1066 1612 crediderat,
1101 1521 1259 1606 hostium
1291 1531 1418 1611 terror,

180 1635 357 1710 ducentae
382 1636 532 1708 falcatae
559 1634 767 1730 quadrigae,
793 1633 939 1704 unicum
964 1631 1106 1703 illarum
1132 1633 1293 1728 gentium
1319 1632 1419 1705 auxi-

176 1748 278 1837 lium,
313 1755 458 1818 secutae
494 1752 586 1816 sunt.
638 1741 697 1814 Ex
727 1767 868 1815 summo
899 1751 1044 1814 temone
1075 1743 1202 1814 hastae
1236 1742 1454 1839 praetixaes

174 1859 270 1929 ferro
296 1855 517 1944 eminebant,
544 1853 724 1950 utrimque
749 1877 772 1925 a
796 1853 881 1951 iugo
907 1863 1032 1925 ternos
1059 1850 1244 1926 direxerat
1268 1851 1419 1950 gladios,

174 1968 269 2040 inter
294 1964 414 2039 radios
439 1975 600 2038 rotarum
625 1965 731 2063 plura
756 1963 893 2062 spicula
918 1962 1126 2062 eminebant
1150 1965 1187 2036 in
1214 1962 1418 2054 adversmn,
1520 2035 1526 2044 ,

174 2078 265 2150 aliae
297 2074 427 2150 deinde
452 2075 559 2148 falces
592 2075 739 2147 smnmis
771 2083 933 2148 rotarum
964 2073 1111 2146 orbibus
1138 2074 1355 2172 haerebant,
1381 2085 1420 2148 et

172 2187 263 2260 aliae
289 2188 326 2259 in
351 2197 485 2259 terram
511 2184 701 2276 demissae,
732 2183 900 2284 quicquid
927 2184 1075 2257 obvium
1101 2186 1288 2259 concitatis
1316 2188 1417 2284 equis

173 2298 313 2388 fuisset,
340 2306 598 2394 amputaturae.

78 2545 82 2548 ·
174 2529 222 2584 alii·
236 2529 317 2584 etiam
388 2547 427 2583 or.
448 2529 501 2582 ΕΗ
521 2539 551 2584 et
566 2528 647 2584 Bern.
665 2527 688 2580 B
706 2545 723 2580 a
739 2545 774 2582 m.
809 2527 944 2582 Snakenb.
962 2535 991 2580 et
1008 2525 1106 2582 nestris
1122 2527 1415 2594 nannetense,

173 2603 297 2667 correct.)
358 2599 427 2650 dunt
452 2603 568 2652 srenuier
589 2615 631 2664 ee,
655 2596 726 2650 Flcr.
751 2596 774 2650 O
809 2597 878 2650 deut
894 2613 975 2666 supra
992 2604 1034 2649 est
1051 2597 1160 2649 dederet
1176 2614 1226 2667 pro
1241 2614 1274 2650 co
1289 2597 1362 2666 quod
1373 2604 1416 2650 est

173 2677 269 2736 quante
286 2669 418 2720 scsnuier
434 2684 463 2718 ec
481 2677 555 2719 esset.
589 2665 716 2734 Princeps
733 2671 775 2718 ta·
809 2664 865 2718 dari
882 2664 1003 2717 iusserat.
1021 2663 1093 2716 Τιιιιι
1106 2673 1131 2716 et
1144 2664 1238 2718 sustuli
1252 2665 1325 2734 quod
1334 2665 1415 2784 ruffio

172 2751 234 2787 men
251 2736 338 2788 editor
358 2752 415 2787 rem
441 2734 579 2786 intellexit.
615 2732 673 2786 Cic.
690 2733 774 2788 Aced.
809 2732 907 2802 legitur
924 2741 988 2785 ante
1005 2733 1074 2784 inter
1090 2734 1199 2798 rudius,
1217 2733 1280 2802 quia
1297 2732 1325 2785 in
1343 2749 1360 2784 n
1398 2749 1416 2786 o

171 2808 272 2924 dulit
289 2803 562 2923 {isffidl‘iltll
575 2819 661 2922 tit-⁰
677 2802 774 2922 tet&
807 2800 1294 2937 {limisidilidadl'fflilil
1309 2801 1416 2939 ,ttt

172 2955 225 3009 que
247 2938 393 3009 particulae
415 2939 448 2990 sb
466 2937 596 2991 adiectivo
612 2954 660 2990 suo
678 2936 774 2989 direm-
808 2947 944 3003 retorsere,
966 2937 1038 3008 quod
1063 2937 1189 2990 mendum
1211 2937 1312 3004 effecit,
1339 2944 1370 2989 ut
1386 2945 1416 2990 et

163 3013 236 3076 ptse
252 3007 374 3077 exempla
390 3014 493 3072 extant,
511 3014 543 3059 ut
565 3005 635 3059 infra
652 3021 674 3059 e
689 3011 775 3073 ea,4
809 3005 949 3059 omissione
977 3012 1007 3058 et
1038 3003 1187 3059 adiectione
1219 3005 1362 3060 verbenam
1385 3005 1417 3058 in

171 3085 225 3128 tom
242 3076 276 3127 ub
293 3077 377 3127 emico
394 3076 490 3128 enimc.
620 3083 622 3088 '
808 3074 868 3126 edd.
887 3073 1021 3126 veteribus
1038 3082 1202 3142 pamm-etur.

206 3143 382 3211 Babyloniam
404 3143 544 3210 centralis]
584 3141 637 3194 Hic
657 3139 775 3211 plerique
843 3143 951 3195 summis
969 3151 1087 3194 retorsum
1104 3141 1226 3222 erbibm]
1245 3139 1292 3195 Sic
1307 3141 1416 3195 Medius

171 3211 248 3264 codd.
265 3211 324 3263 Bab
342 3212 453 3271 Ζοιιίαιιι,
479 3209 547 3263 sicut
571 3227 607 3261 vu
677 3208 773 3274 aditur,
809 3209 1008 3276 emembranis,
1025 3217 1058 3261 ut
1070 3208 1117 3274 sit,
1135 3209 1250 3279 scripsit,
1263 3217 1417 3264 eumentes

192 3287 280 3332 meter
300 3227 482 3332 Fbr.DFG1
507 3276 553 3348 qui
578 3277 620 3330 Bo
639 3279 710 3330 itone
727 3285 775 3330 sut
808 3295 857 3348 pro
882 3279 991 3330 summis
1013 3275 1148 3346 legeretur
1169 3279 1324 3338 submissae.
1363 3277 1415 3332 Est

216 3349 314 3400 biltunc
331 3346 492 3416 praeferunt.
529 3345 595 3398 Vide
612 3346 646 3398 ad
664 3359 707 3410 111,
725 3352 751 3398 4.
808 3361 872 3398 sane
888 3348 997 3399 suminis
1015 3344 1044 3398 in
1060 3343 1241 3413 FleaDFGI,
1260 3346 1289 3400 in
1305 3345 1414 3415 reliquis

207 3417 231 3482 ξ.
248 3421 273 3468 8.
308 3416 465 3484 tsywnente]
483 3413 558 3466 Leid.
575 3417 649 3466 Voss.
670 3420 682 3465 l
701 3413 773 3467 Flcr.
807 3414 879 3468 Flcr.
901 3423 930 3467 et
951 3423 1066 3483 utroque
1093 3413 1173 3467 Bern.
1196 3422 1225 3467 et
1242 3413 1414 3468 Snalrenbur·

171 3484 199 3536 A
216 3483 295 3536 Bern.
313 3482 339 3534 A
357 3485 508 3552 tegimenta,
526 3481 595 3534 Flor.
612 3481 667 3534 ΕΗ
691 3481 771 3534 Beru
808 3481 892 3552 gisms
913 3489 955 3534 est
977 3483 1202 3534 swnmisseesut
1227 3483 1269 3551 (in
1286 3482 1358 3536 Flor.
1375 3481 1413 3562 E)

171 3551 196 3603 B
223 3560 359 3620 teymente.
406 3549 473 3604 Mox
503 3552 606 3602 conexis
641 3549 722 3602 Bam.
747 3550 774 3601 A
807 3552 961 3604 submissae.
983 3549 1043 3603 Nee
1058 3557 1149 3603 umen
1165 3567 1220 3604 non
1272 3550 1311 3604 tui
1329 3550 1414 3604 Medii

170 3616 243 3672 Flcr.
260 3617 319 3672 Ac.
807 3618 932 3672 iudicium
946 3618 1067 3689 probare,
1086 3624 1115 3671 et
1128 3635 1188 3671 eum
1247 3635 1290 3671 em
1299 3619 1415 3672 scribere

177 3746 179 3752 .
206 3691 231 3752 s.
254 3693 279 3740 4.
319 3687 431 3739 hostiurm
457 3687 553 3756 terror]
597 3685 656 3738 Hoc
681 3684 774 3738 ordine
809 3689 951 3748 demissas,
984 3701 1144 3756 quamquem
1165 3687 1217 3740 boc
1239 3685 1326 3740 nonl
1360 3687 1415 3740 'tur

170 3769 262 3808 omnes
289 3753 374 3808 nostri
404 3763 433 3807 et
459 3753 531 3806 Mod
557 3753 647 3807 editio.
685 3753 775 3824 Vulgo
809 3754 858 3808 nisi
875 3753 903 3808 in
920 3754 992 3807 Flor.
1008 3753 1035 3806 D
1054 3762 1083 3806 et
1099 3769 1134 3806 ex
1151 3770 1217 3808 corr.
1235 3754 1263 3808 in
1281 3755 1313 3808 E.
1375 3756 1381 3766 '

171 3833 256 3876 terror
273 3823 392 3876 hostisue.
809 3823 888 3878 falces
904 3839 939 3876 ex
956 3821 1065 3876 orbibus
1082 3829 1201 3876 retanrm
1221 3825 1364 3890 extabunt,
1383 3832 1415 3878 ut

206 3894 230 3960 §-
251 3897 275 3944 5.
288 3891 427 3970 praestrue
435 3890 527 3959 suro]
546 3887 632 3941 Codd.
645 3897 674 3942 et
688 3889 770 3946 Snak.
808 3891 885 3946 sirum
902 3909 961 3946 cum
978 3889 1084 3961 spiculis
1097 3890 1170 3945 inter
1180 3899 1254 3945 rotas
1267 3891 1415 3944 lacerarent

171 3966 200 4011 et
216 3967 300 4012 nostri
317 3973 408 4012 omnes
427 3965 532 4028 praeter
548 3956 618 4011 Flor.
638 3956 678 4010 Gi
690 3976 773 4027 pree-
808 3959 934 4031 quicquid
951 3978 967 4013 a
984 3959 1069 4013 latere
1085 3968 1167 4027 esset;
1184 3959 1252 4014 aliae
1269 3959 1337 4012 infra
1354 3977 1414 4014 eur-

161 4027 222 4094 stoec
238 4028 332 4095 serre,
361 4035 390 4078 et
420 4025 577 4095 recepissem
605 4027 773 4081 auctoritatis
807 4047 865 4082 rum
892 4029 1015 4082 deomum
1045 4047 1058 4082 s
1107 4029 1202 4081 tabant
1235 4033 1295 4094 (eae
1324 4035 1415 4081 autem

171 4111 249 4147 causa
271 4095 299 4147 ni
321 4095 355 4146 de
377 4111 426 4147 neu
449 4092 582 4164 scriptoris
604 4094 688 4146 nostri
709 4112 771 4150 con·
806 4104 869 4150 sunt
886 4099 915 4150 in
932 4107 1027 4150 terram
1064 4098 1175 4150 emissae
1191 4113 1246 4150 nen
1263 4097 1413 4176 dimissus),

171 4170 256 4215 staret
273 4161 337 4215 locis
355 4161 482 4215 similibus
500 4177 543 4228 111,
561 4169 586 4228 t,
607 4168 620 4213 7
639 4170 668 4215 et
686 4167 712 4228 8,
730 4169 771 4216 20.
807 4173 838 4218 ut
855 4165 877 4218 si
895 4165 940 4236 qui
958 4179 1014 4217 sese
1032 4163 1102 4218 inter
1119 4175 1191 4219 rotas
1209 4166 1317 4219 humum
1331 4164 1413 4219 conri-

170 4229 209 4283 Et
227 4247 306 4299 quarn
322 4229 398 4283 facile
416 4231 477 4297 luit,
500 4247 559 4284 cum
581 4229 636 4282 sere
653 4233 772 4299 precise
807 4239 898 4285 carent
915 4232 1106 4286 scinderentur.
1132 4234 1173 4288 Ut
1189 4234 1229 4288 bis
1246 4253 1282 4306 cp
1301 4251 1412 4288 oneren-

170 4298 310 4366 scribetur,
328 4315 342 4349 e
360 4300 472 4352 transire
489 4299 514 4352 in
535 4298 596 4350 ead
610 4298 771 4370 insequentis
807 4308 860 4367 tur,
878 4317 936 4354 eam
953 4301 988 4355 ob
1007 4318 1111 4354 ceusun
1127 4301 1231 4354 orbium
1249 4253 1329 4356 laidas
1344 4302 1413 4356 dixit

171 4365 291 4419 vocabuli
313 4365 527 4419 similitudinem?
563 4366 618 4419 Sed
639 4369 771 4420 direxerat
805 4369 833 4422 in
851 4372 959 4422 summis
976 4369 1085 4422 orbibus
1102 4368 1228 4436 haesisse,
1256 4371 1329 4440 qued
1347 4369 1411 4423 alio·

171 4434 258 4504 recepi
283 4451 333 4505 pro
361 4433 432 4504 vulg.
455 4438 605 4488 direxerunt
632 4452 666 4488 ex
695 4436 771 4490 codd.
807 4436 871 4506 quin
896 4454 950 4491 non
981 4436 1155 4491 necessarium
1180 4437 1274 4491 fixisset
1305 4439 1409 4503 addere,
