3336 5066
198 323 285 400 221
669 343 704 406 Q·
730 341 966 398 1111111111

196 519 278 574 1111.
313 521 371 585 (n)
389 515 432 571 111
448 517 554 576 inum
571 539 588 575 1
604 507 763 578 nium
780 523 876 578 uuus
894 533 963 590 nor
981 524 1076 596 quun
1093 541 1122 579 o
1138 525 1286 594 morunt,
1303 525 1375 597 quor
1391 541 1438 579 „0-

196 594 319 648 cesdtate
337 601 442 650 oorons
464 607 558 653 contra
574 599 691 654 Dareum
708 600 898 668 conius-averit,
925 617 1006 672 seque
1025 600 1154 654 deditioni
1171 611 1295 672 paratum
1311 603 1438 670 ostendit,

196 669 219 724 si
237 669 318 724 fidem
335 669 360 724 ei
378 687 425 726 rex
443 674 556 730 dederit
582 676 621 730 Et
637 693 697 730 earn
714 676 822 748 quidem
840 677 915 731 dedit
930 675 1095 728 Alexander.
1122 681 1180 744 (12)
1191 679 1338 748 Hyrcania,
1357 697 1438 750 quam

197 755 253 800 turn
271 757 368 802 terram
386 747 508 820 intravit,
532 753 703 820 deso-ibitur,
725 752 899 824 pinguissima
921 749 998 804 vallis
1021 750 1056 801 ad
1077 767 1150 804 mare
1168 752 1297 823 Caspium
1314 755 1437 809 demissa,

198 829 258 896 (13)
276 825 437 880 Procedenti
456 827 682 898 Phrataphernes,
700 829 885 898 Hyrcanorum
903 834 932 879 et
948 824 1159 893 Parthyaeorum
1176 837 1293 898 ssmapa,
1311 847 1371 884 sese
1389 832 1437 884 de-

198 901 253 970 dit,
276 910 305 957 et
328 903 478 957 Phradates
501 903 651 973 praefectus
675 901 857 972 Tripurornm,
886 907 943 968 (la)
965 917 1048 970 pomo
1070 903 1219 956 Artabazus
1242 921 1302 956 oum
1324 905 1436 960 Graecis

197 979 325 1034 militibus
343 980 378 1032 ad
395 977 515 1032 ultimum
533 977 622 1030 Dareo
640 977 772 1030 fidelibus.
799 977 836 1030 Et
853 977 897 1030 ille
917 977 1025 1047 quidem
1042 977 1153 1032 comiter
1170 979 1205 1033 ab
1215 978 1371 1034 Alexandro
1389 997 1437 1034 ex·

200 1055 310 1126 cipitur3
329 1057 389 1126 (11)
408 1054 456 1106 sed
474 1052 571 1106 Graeci
589 1051 661 1104 mille
679 1061 708 1106 et
725 1051 863 1124 quingenti
881 1061 1038 1106 cunctanter
1054 1071 1084 1107 se
1101 1053 1173 1124 regis
1190 1054 1254 1109 lidei
1271 1055 1436 1126 permittunt,

197 1148 248 1186 nec
265 1140 355 1186 tamen
371 1137 479 1200 praeter
495 1127 768 1183 Lacedaemoniorum
786 1130 891 1200 legatos
909 1128 1051 1200 quicquam
1068 1130 1175 1200 gravius
1193 1129 1338 1203 patiuntur.
1375 1133 1436 1202 (rt)

198 1209 269 1262 Tum
291 1213 400 1276 gentem
421 1203 505 1257 ieram
522 1204 679 1259 Mardonrm
701 1214 813 1278 propter
834 1205 968 1277 singulare
986 1204 1140 1260 munitionis
1158 1223 1243 1278 811111
1260 1223 1359 1280 magna
1377 1225 1437 1263 cum

197 1281 321 1338 molestie
343 1297 498 1352 aggressus,
525 1283 585 1350 (11)
603 1282 673 1354 capti
696 1281 776 1337 etiam
793 1283 966 1354 Bucephalas
988 1281 1083 1334 dolore
1105 1282 1226 1353 graviter
1241 1295 1435 1354 commovetur,

196 1377 294 1430 equum
317 1365 405 1412 tamen
431 1357 538 1413 barbari
561 1361 691 1427 reddunt,
715 1367 745 1415 et
768 1369 854 1414 semet
870 1359 949 1430 ipsos
969 1357 1115 1429 pertinatia
1139 1359 1213 1430 regis
1239 1359 1304 1414 riori
1325 1361 1437 1415 dedunt.

195 1433 366 1490 Adlicimrtur
385 1433 569 1506 praetenturas
591 1435 743 1492 Phradatis.
784 1440 844 1508 (18)
863 1435 987 1490 Tandem
1012 1433 1188 1490 Nabarzanes
1210 1435 1257 1490 diu
1278 1446 1436 1508 expectatam

83 1551 86 1556 ·
196 1512 225 1566 irr
242 1511 317 1582 regia
333 1513 400 1565 urbe
418 1513 570 1584 Hyrcaniae
589 1515 773 1580 (Zodroeorto
790 1514 987 1584 oppsllobumr)
1005 1527 1065 1566 sese
1078 1512 1229 1566 Alexandri
1246 1514 1310 1568 fidei
1327 1513 1436 1586 permit-

195 1587 237 1643 tit
270 1594 330 1657 (19)
347 1588 390 1644 Ibi
410 1589 574 1657 Thalestris,
596 1589 690 1661 regina
706 1592 887 1656 maronam,
915 1589 950 1640 ad
967 1604 1058 1659 regem
1076 1589 1182 1643 reabse
1200 1591 1293 1660 fertur,
1313 1591 1385 1645 cuius
1403 1589 1436 1642 li·

196 1664 295 1720 bidiuis
313 1666 463 1736 explendae
482 1683 562 1719 causa
580 1666 729 1735 complures
748 1665 806 1720 dies
825 1663 952 1719 substitit.
1307 1659 1312 1670 '

264 1743 325 1812 (20)
342 1741 409 1794 Inde
426 1741 454 1798 in
471 1742 635 1795 Parthienen
652 1757 774 1796 reversus
792 1740 943 1812 superbiam
961 1747 990 1793 et
1007 1739 1137 1796 luxuriem
1154 1759 1248 1814 regum
1265 1743 1435 1797 Persicorum

195 1817 321 1871 1111111111
339 1816 441 1886 coepit;
461 1819 520 1886 (21)
538 1833 650 1888 cumque
666 1817 762 1871 milites
780 1835 839 1871 eam
855 1833 912 1870 11111
930 1814 1049 1886 gruriter
1063 1816 1135 1872 ferre
1152 1817 1339 1886 intellexisset,
1356 1834 1435 1888 prae-

194 1892 352 1946 vertendum
369 1901 451 1961 111111,
469 1892 591 1960 Bessum,
608 1892 662 1946 iam
680 1893 835 1948 Artaxerxis
854 1891 963 1946 nomine
981 1908 1073 1962 regem
1090 1893 1326 1962 salutaurm,bello
1343 1910 1435 1964 perse-

195 1967 242 2040 qui
264 1969 371 2038 statuit,
398 1977 428 2023 et
448 1969 565 2022 sarcinas
588 1968 670 2023 totius
698 1969 831 2024 exercitus
859 1977 968 2040 praeter
988 1967 1103 2022 maxime
1127 1971 1291 2026 neoemadas
1313 1969 1435 2024 comburi

194 2043 278 2100 iussit
315 2045 453 2116 (22)11111
476 2044 504 2099 11
524 2043 694 2100 Bactrianam
720 2045 897 2118 proficiscenti
920 2043 1057 2098 nuntiatur
1078 2045 1282 2114 Satibarzanes,
1309 2047 1351 2101 cui
1375 2046 1434 2116 ipse

192 2122 275 2192 paulo
293 2130 356 2175 ante
373 2121 489 2188 Δ111111
508 2125 658 2192 satrapeam
676 2123 842 2191 restituerat,
861 2119 992 2176 deiecisse
1010 2121 1105 2176 abeo.
1140 2123 1250 2195 ltaque,
1273 2120 1436 2182 1111111111,

194 2213 260 2250 nere
277 2195 395 2268 incepto,
413 2199 483 2252 hunc
500 2198 573 2270 prius
590 2197 666 2268 petit
701 2199 887 2253 Satibarzanes
910 2213 970 2251 curn
992 2196 1092 2268 exigua
1113 2217 1221 2255 auomm
1238 2217 1318 2253 manu
1334 2199 1436 2254 Bactra

193 2273 270 2344 fugit
304 2275 462 2328 Alexander
477 2274 618 2329 Cratenrm
634 2275 785 2330 Artacacna
802 2291 959 2347 oppugnare
977 2273 1061 2336 iubet
1092 2279 1151 2342 (23)
1169 2275 1234 2347 Ipse
1251 2276 1319 2330 alios
1337 2275 1436 2330 barba-
1527 2313 1530 2318 -

192 2367 248 2418 ros,
266 2349 357 2422 quiin
374 2335 508 2406 monhbus
527 2351 713 2420 consederant,
732 2351 794 2424 igne
812 2359 958 2424 expugnat,
978 2352 1103 2419 (tntum
1120 2353 1273 2407 Artacam
1289 2351 1368 2419 redit,
1387 2353 1436 2404 de·

193 2429 289 2482 dentes
306 2436 392 2482 semet
408 2427 437 2482 in
453 2427 534 2482 fidem
551 2427 656 2500 accipit
692 2429 760 2482 Inde
782 2428 969 2500 supplemento
987 2425 1100 2479 rn'rlitmn
1116 2435 1210 2482 auctus
1228 2427 1354 2499 Drangae
1372 2443 1434 2498 ptr·-

192 2504 398 2576 venit'quorum
415 2513 536 2576 samapes
552 2505 716 2559 Barzaentes
734 2505 882 2577 aufugerat
1181 2541 1186 2552 ·
1214 2567 1223 2581 ·
1263 2541 1265 2548 ι

263 2584 324 2651 (ab)
341 2580 384 2636 Ibi
406 2581 581 2636 commoranti
608 2582 772 2636 domesticae
794 2580 908 2636 insidiae
932 2587 1072 2651 parantur,
1094 2597 1206 2652 quarum
1228 2580 1365 2652 particeps
1381 2579 1433 2634 Di·

194 2675 270 2712 mnus
292 2675 349 2712 rem
371 2675 430 2712 cnm
447 2658 628 2725 Nicomacho,
646 2658 748 2712 deliciis
772 2657 840 2725 suia,
859 2654 1044 2712 communicat
1079 2658 1139 2726 (21)
1156 2657 1337 2713 Nrcornachus
1358 2655 1435 2710 frutri

195 2734 327 2790 Cebalino
351 2736 447 2810 defert
481 2735 508 2788 Is
529 2733 666 2788 Philotam
688 2734 757 2804 adit,
781 2743 925 2806 rogatque,
952 2741 983 2786 ut
1003 2731 1062 2804 regi
1084 2732 1199 2788 nuntiet.
1237 2733 1361 2789 Philotis
1378 2751 1435 2787 rem

194 2809 387 2882 procrastinat,
413 2827 444 2865 ac
464 2811 643 2882 suspicionem
665 2813 751 2864 malae
774 2811 837 2864 111111
863 2811 986 2883 praebet
1021 2808 1117 2879 Itaque
1135 2809 1282 2864 Cebalinus
1303 2828 1353 2882 per
1375 2811 1435 2863 Me·

194 2895 300 2941 tronenr
317 2888 450 2959 quendam
468 2904 524 2941 rem
541 2887 577 2940 ad
594 2887 777 2941 Alexandrum
793 2889 889 2942 defert
913 2888 974 2956 (27)
992 2883 1105 2939 Dimnus
1123 2887 1332 2958 comprehensus
1349 2895 1436 2941 mmet

194 2963 253 3036 ipse
270 2963 404 3032 interficit,
423 2965 569 3020 Cebalinus
585 2963 720 3019 Philotam
737 2961 984 3036 procrastinationis
1002 2969 1116 3016 accusat
1151 2966 1211 3032 (28)
1229 2963 1283 3020 Hic
1299 2971 1434 3036 purgatae

193 3040 261 3112 regi,
280 3041 354 3112 quod
371 3039 496 3097 indicium
514 3039 713 3110 contempserit,
731 3048 760 3093 et
775 3039 889 3111 primum
902 3047 1041 3110 tamquam
1058 3038 1197 3094 absolutas
1206 3039 1356 3095 dimittitur.
1374 3041 1434 3109 (29)

194 3117 251 3172 Sed
268 3126 373 3189 postea,
392 3118 502 3172 consilio
520 3118 665 3171 amicornm
682 3118 827 3185 advocato,
845 3117 986 3183 Cratenrs,
1005 3115 1126 3170 inimicus
1143 3115 1284 3186 Philotae,
1303 3117 1374 3189 regis
1391 3135 1436 3169 su·

194 3193 326 3266 spiciones
345 3195 472 3248 adver-ms
489 3194 564 3247 illum
581 3201 736 3266 patremque
754 3193 811 3246 eius
829 3191 1035 3247 Parmenionem
1053 3193 1132 3259 acuit,
1151 3195 1212 3261 (30)
1229 3193 1367 3265 ceter-ique
1384 3191 1435 3247 eri·

193 3270 326 3325 ruinosum
343 3270 468 3325 Philetus
489 3270 624 3324 silentimn
645 3279 787 3341 arguentes
810 3267 995 3340 quaestionem
1012 3269 1047 3320 de
1064 3285 1098 3323 ec
1117 3269 1270 3323 habendam
1295 3287 1355 3324 esse
1372 3287 1435 3323 cen-

194 3356 263 3402 sent.
298 3351 359 3419 (31)
378 3347 472 3418 ltaque
490 3364 538 3400 rex
555 3347 668 3402 comiter
684 3345 819 3400 dimissmn
836 3350 916 3400 noete
933 3345 1055 3418 proxima
1072 3363 1131 3400 cum
1149 3346 1261 3413 ceteris,
1279 3345 1326 3418 qui
1343 3345 1436 3402 coniu-

194 3440 268 3478 rasse
285 3423 457 3492 dicebantur,
482 3424 598 3478 rinctum
615 3423 644 3476 in
661 3423 762 3494 regiam
784 3423 881 3475 attrahi
898 3422 984 3476 iussit
1020 3425 1080 3494 (82)
1098 3423 1170 3478 Luce
1188 3430 1248 3478 orta
1264 3422 1293 3476 in
1310 3423 1436 3477 contione

192 3501 306 3555 militum
324 3501 358 3554 de
377 3499 561 3554 coniuratione
578 3499 707 3570 queritur,
725 3509 754 3554 et
771 3507 908 3554 auctorem
925 3499 981 3552 eius
991 3497 1206 3567 Parmenionem,
1224 3498 1361 3553 ministros
1370 3499 1436 3552 Phi·

178 3577 286 3645 «lotam,
304 3577 375 3632 illius
391 3577 487 3646 lilium,
510 3593 568 3631 cum
586 3575 722 3630 Peucolao
740 3583 769 3630 et
785 3574 926 3630 Demetrio
943 3575 1071 3646 appellat.
1105 3578 1165 3644 (33)
1184 3575 1321 3631 indotos
1338 3574 1435 3629 auditis

192 3653 319 3708 Philotae
340 3654 474 3708 silentium
495 3652 597 3726 arguit,
624 3655 683 3722 (31)
701 3653 806 3725 reliqua
829 3651 910 3706 enimi
931 3651 1031 3705 dudum
1049 3651 1129 3706 alieni
1148 3663 1306 3724 argumenta
1322 3651 1435 3722 colligit,

193 3738 288 3801 aperte
310 3729 426 3801 denique
443 3731 609 3787 Macedones
631 3738 704 3798 orat,
730 3740 761 3783 ut
783 3747 857 3782 suam
878 3728 993 3783 salutern
1014 3728 1156 3800 puniendis
1174 3729 1286 3786 inimicis
1304 3737 1436 3784 1111111111.

194 3809 254 3878 (35)
273 3807 343 3859 'an
360 3806 482 3862 Philotas
501 3807 644 3878 productus
662 3805 807 3868 miserabili
826 3813 937 3877 aspectu
955 3802 1057 3860 animos
1075 3805 1189 3860 militam
1204 3817 1305 3862 movet
1334 3807 1436 3860 Verum

194 3891 288 3938 contra
309 3899 370 3938 eum
392 3884 547 3937 monentur
564 3891 593 3936 et
609 3884 755 3954 Amyntas,
782 3884 842 3953 (st)
861 3891 890 3937 et
908 3881 1027 3949 Coenus,
1044 3891 1074 3936 et
1090 3883 1149 3955 ipsc
1166 3901 1229 3952 rex,
1251 3883 1379 3939 iuvidiam
1395 3881 1435 3936 illi

194 3977 230 4014 ex
247 3979 296 4014 11111
314 3959 410 4014 Graeci
432 3960 561 4015 semronis
584 3960 712 4016 excitans.
747 3962 807 4029 (31)
826 3960 897 4014 Tum
914 3959 1036 4013 Philotas
1055 3960 1240 4015 defensionem
1256 3961 1303 4016 vix
1320 3959 1437 4015 orditur:

194 4053 223 4091 ee
241 4037 312 4092 inter
328 4037 480 4092 coniuratos
497 4057 552 4092 non
569 4055 628 4093 esse
646 4039 819 4106 nominatum,
838 4043 896 4106 (33)
906 4037 1012 4091 unicum
1029 4047 1059 4090 et
1075 4054 1167 4092 rerum
1185 4037 1285 4092 crimen
1302 4037 1438 4092 silentium

194 4130 262 4168 esse.
289 4113 322 4168 Id
339 4115 458 4186 quamvis
476 4131 525 4168 rex
542 4117 629 4171 oranti
648 4117 700 4172 iam
718 4115 858 4182 rennuerit,
877 4113 999 4169 excusari
1017 4121 1107 4168 1111111
1124 4114 1234 4168 levitate
1252 4113 1355 4182 indicis,
1375 4117 1432 4181 (39)

194 4199 224 4245 ct
240 4191 419 4245 innocentiam
437 4209 509 4244 suam
527 4208 561 4245 ea
577 4193 635 4263 ipsa
651 4213 680 4248 re
698 4193 815 4269 probari,
834 4193 909 4264 quod
926 4191 992 4245 nihil
1011 4189 1094 4244 biduo
1113 4191 1209 4262 egerit,
1227 4191 1338 4263 probari
1355 4191 1438 4246 etiam

195 4268 250 4321 vita
266 4276 400 4322 anteacta:
418 4287 468 4322 nec
485 4285 564 4338 posse
583 4271 634 4322 sibi
652 4271 752 4326 crimini
771 4271 849 4338 verti,
869 4271 942 4341 quod
956 4271 1090 4336 Amyntae
1108 4268 1181 4340 regis
1198 4267 1314 4341 patrueli
1332 4270 1437 4338 (conso-

194 4345 297 4398 brinum
313 4348 429 4414 appellnt
449 4347 565 4416 Curtius,
583 4350 716 4417 uulgarem
733 4351 941 4402 cumiretudr'nem
958 4349 1073 4412 secutus)
1092 4344 1191 4400 amicus
1210 4346 1298 4414 fuerit,
1312 4355 1341 4398 et
1358 4347 1437 4398 deum

194 4437 254 4476 esse
271 4421 454 4478 Alexandrum
472 4439 552 4494 aegre
569 4440 662 4494 passus
679 4423 721 4478 sit
757 4429 815 4493 (40)
834 4423 923 4478 Patris
946 4421 1063 4495 denique
1086 4422 1158 4478 senis
1176 4423 1310 4477 fortunam
1327 4421 1437 4477 misera-
