3300 5044
265 359 337 430 526
374 301 378 306 Ι
731 371 764 432 Q·
792 351 915 421 dnnrn
940 371 1025 422 aum

258 556 403 654 quaein
425 552 523 626 nudo
545 555 623 628 solo
644 551 887 652 deprehendit,
913 553 1116 650 extinguat3
1144 565 1267 629 tantus
1295 565 1354 628 est
1380 578 1505 653 vapor

259 665 343 738 solis
375 675 413 737 et
444 665 547 756 coeli,
586 691 656 764 quo
692 675 821 739 cuneta
857 667 957 738 velut
992 664 1075 760 igne
1112 675 1304 740 torrentur.
1360 665 1504 738 Fontes
1523 682 1548 728 1¹

258 799 431 873 aquarum
457 789 495 851 et
519 779 589 852 rari
615 789 709 867 sunt,
735 789 772 850 et
797 777 1024 851 incolentium
1050 773 1175 849 fraude
1198 777 1377 866 celantur,
1409 778 1504 874 ipsis

259 910 344 960 usus
372 897 489 986 patet,
528 889 671 985 ignotus
703 897 758 959 est
788 886 944 960 advenis.
996 883 1047 959 Ut
1084 884 1231 958 tandem
1262 910 1391 960 cinare
1421 913 1503 960 eor·
1523 905 1548 950 ¹2

226 995 229 1000 ’
259 1023 326 1096 pus
354 999 557 1071 exanimum
584 998 703 1068 amicis
730 997 886 1084 vaeavit,
918 998 1016 1070 nulla
1041 997 1141 1087 tabe,
1175 1023 1222 1070 ne
1247 997 1396 1068 minimo
1428 999 1508 1094 qui-

259 1107 342 1182 dem
369 1108 486 1181 livore
518 1117 723 1204 corruptum
748 1105 870 1178 videre
896 1107 956 1203 qui
980 1109 1214 1184 intraverant
1268 1105 1383 1203 Vigor
1413 1133 1507 1203 quo-

168 1221 178 1237 '
260 1245 340 1316 que,
366 1219 427 1316 qui
453 1227 595 1290 constat
620 1242 666 1289 ex
692 1215 827 1314 spiritu,
852 1241 925 1289 non
944 1215 1158 1293 destituerat
1177 1221 1327 1292 vultum.
1367 1216 1508 1315 Itaque
1527 1237 1552 1282 1³

259 1329 430 1426 Aegyptii
454 1325 702 1425 Chaldaeique,
728 1328 814 1401 iussi
841 1351 969 1424 corpus
996 1351 1063 1400 suo
1089 1354 1189 1403 more
1216 1355 1352 1420 curare,
1379 1331 1508 1428 primo

157 1463 159 1468 ’
259 1463 331 1511 nou
358 1448 443 1512 sunt
468 1439 543 1512 ausi
570 1438 760 1514 admovere
785 1439 884 1513 velut
909 1438 1059 1535 spiranti
1085 1463 1228 1512 manus:
1263 1438 1393 1512 deinde
1422 1466 1509 1538 pre

260 1549 346 1640 eati,
381 1535 507 1624 utitis
539 1551 663 1648 fasque
694 1562 789 1625 esset
818 1549 1028 1624 mortalibus
1060 1558 1253 1623 attrectare
1279 1575 1378 1640 eum,
1418 1577 1508 1649 pur·

170 1735 173 1744 ,
258 1683 391 1758 gavera
422 1687 569 1762 eorpus;
610 1664 852 1760 repletumque
884 1669 940 1733 est
972 1658 1143 1734 odoribus
1176 1675 1325 1734 aureum
1357 1661 1508 1751 solium,

260 1781 299 1846 et
323 1772 429 1870 capiti
462 1771 601 1846 adiecta
631 1773 795 1845 fortunae
826 1771 901 1844 eius
935 1770 1098 1869 insignia
1150 1769 1302 1845 Veneno
1329 1783 1509 1846 necatum
1528 1793 1554 1838 1⁴

138 1919 143 1928 ·
259 1907 339 1956 esse
373 1882 555 1957 credidere
594 1881 751 1986 plerique
758 1909 767 1971 ;
808 1883 918 1954 filium
949 1880 1133 1980 Antipatri
1169 1883 1265 1970 inter
1301 1882 1508 1974 ministros,

258 1992 384 2067 Iollam
415 1995 574 2084 nomine,
610 1993 722 2092 patris
758 1993 856 2066 iussu
890 1989 1043 2065 dedisse.
1096 1989 1213 2091 Saepe
1243 2003 1341 2066 certe
1372 1993 1509 2066 audita

96 2113 99 2116 ’
141 2113 143 2118 ’
241 2095 339 2177 ¹erat
363 2129 438 2177 vox
457 2105 665 2194 Alexandri,
691 2102 921 2200 Antipatrum
944 2103 1083 2201 regium
1109 2103 1278 2177 affectare
1305 2103 1508 2202 fastigium,

258 2214 501 2312 maioremque
532 2239 611 2288 esse
642 2211 810 2312 praefecti
841 2211 984 2310 opibus,
1019 2237 1062 2285 ae
1088 2214 1195 2289 titulo
1220 2211 1425 2312 Spartanae
1452 2216 1520 2287 vi-·

260 2325 393 2399 ctoriae
424 2326 602 2416 inflatum,
646 2324 764 2398 omnia
795 2347 817 2395 a
847 2347 886 2396 se
918 2321 1005 2398 data
1030 2336 1250 2400 asserentem
1282 2325 1360 2399 sibi.
1417 2321 1506 2399 Cre
1525 2343 1553 2390 1⁵

259 2434 395 2510 debant
426 2437 549 2529 etiam,
585 2436 769 2512 Craterum
800 2459 880 2508 eum
911 2443 1086 2518 veterum·
1113 2436 1266 2509 militum
1302 2461 1415 2509 manu
1450 2437 1505 2510 ad

142 2607 145 2612 .
259 2546 543 2623 interficiendum
574 2574 655 2623 eum
685 2548 841 2620 missum.
894 2545 977 2620 Vim
1003 2556 1125 2620 autem
1151 2547 1297 2638 veneni,
1333 2546 1434 2644 quod
1463 2549 1504 2622 in
1526 2565 1553 2613 rt

258 2657 469 2734 Macedonia
493 2661 664 2760 gignitur,
698 2659 803 2732 talem
829 2681 908 2731 esse
934 2667 1092 2748 constat,
1127 2669 1168 2732 ut
1193 2658 1328 2731 ferrum
1355 2685 1508 2758 quoque

261 2781 406 2862 exurat,
443 2772 613 2870 ungulam
650 2770 797 2844 iumenti
832 2767 1022 2842 dumtaxat
1058 2769 1256 2867 patientem
1294 2767 1375 2844 ease
1412 2771 1506 2844 auci.

260 2969 333 3016 estr
361 2963 429 3043 'ont
446 2969 494 3018 ant
511 2962 583 3044 quod
599 2959 626 3016 in
643 2979 725 3034 marg.
742 2960 856 3020 noan
881 2961 990 3016 otim
1022 2959 1166 3034 καλυπτὴρ
1200 2967 1332 3033 χρυσοῦς,
1362 2959 1507 3032 ἁρμόζων

260 3048 311 3122 pro
328 3032 391 3084 atis
408 3037 450 3084 est
466 3031 552 3113 ahts..
824 3049 826 3054 ·
892 3028 1016 3116 &apertos
1035 3035 1082 3083 aut
1101 3025 1328 3150 παριλαμέάνων
1346 3029 1401 3096 τὴν
1420 3028 1506 3084 ἄνω-

295 3105 368 3168 §.ln
403 3109 441 3154 est
458 3102 565 3154 advena
612 3099 681 3152 Post
697 3101 761 3153 haee
777 3099 858 3154 verba
891 3118 968 3152 τατω
987 3103 1178 3171 περιφέρειαν.
1241 3113 1333 3152 ursum
1350 3107 1441 3153 autem
1459 3119 1506 3154 so-

261 3167 289 3220 in
307 3166 397 3221 multis
414 3167 490 3222 oodd.
509 3100 583 3222 Laid.
600 3168 698 3222 Vossl
720 3168 790 3222 Flor.
805 3166 858 3222 AG
892 3167 956 3220 lium
972 3166 1080 3254 rapuit,
1089 3166 1201 3219 vitreum
1215 3165 1387 3234 substituens,
1405 3165 1506 3222 Ptole·

261 3244 396 3306 tamquam
413 3245 525 3290 suetons
537 3237 618 3289 verba
635 3236 760 3306 leguntur
777 3239 858 3290 tradi·
893 3251 982 3288 maeus
1001 3255 1017 3289 ο
1035 3240 1145 3314 Kouara
1164 3239 1210 3314 arft
1228 3239 1421 3306 Πηριίσακτοε
1440 3239 1506 3288 ἑπι-

260 3305 859 3443 suarattaratae
892 3301 1015 3494 {titt
1034 3301 1504 3442 qllklsllltllt'mllhihl'ffli

261 3440 359 3510 scripta
375 3448 438 3494 suut
453 3457 532 3494 manu
549 3441 700 3495 recentiore.
735 3441 796 3496 Non
810 3443 858 3495 ‹lu-
914 3439 991 3493 trsbo
1019 3438 1139 3506 i.xvrr,
1158 3457 1183 3510 p.
1196 3446 1254 3493 194.

165 3504 167 3508 ’
261 3508 319 3562 bito
342 3507 406 3580 quin
427 3510 461 3564 ad
483 3525 530 3575 ea,
555 3525 623 3582 quse
645 3510 723 3580 paulo
743 3519 805 3581 post
825 3511 859 3563 de
885 3521 886 3524 ’
926 3513 995 3576 §.lt
1014 3511 1147 3562 credidere
1151 3507 1280 3580 plerique]
1291 3507 1504 3564 noscenda

260 3575 407 3630 Alexandri
438 3594 547 3659 corpore
578 3578 722 3650 putredinis
756 3579 858 3650 experti
892 3575 1006 3629 Bern.B
1025 3583 1054 3630 et
1067 3577 1140 3648 quod
1153 3575 1381 3630 mirorleidensia
1396 3578 1504 3634 Veneno

261 3646 411 3712 traduntiu,
429 3655 589 3717 pertineant
892 3655 1009 3698 necatam
1027 3661 1084 3698 esse
1107 3645 1243 3709 diseunt,
1265 3646 1400 3699 credidere
1413 3647 1503 3716 plesi-

261 3781 268 3794 ι
295 3719 318 3780 ς.
335 3720 375 3768 lt.
410 3725 549 3797 ornatore
566 3719 633 3786 ιιιπι]
669 3715 788 3768 Raderm
805 3733 858 3770 non
892 3730 948 3794 pue.
980 3712 1145 3793 varietatem
1161 3710 1309 3782 scripturae
1326 3713 1361 3768 de
1377 3715 1503 3786 margins

259 3783 661 3931 Viduliitahidhoeiiimleihenrhiii
680 3787 858 3906 ridllirmdeiiiis
893 3789 1254 3918 mtleldlm'cicinmhetsiieh·
1269 3851 1380 3905 mildam
1405 3855 1502 3922 mma]

260 3918 334 3972 verbi
359 3919 499 4000 vestgium
524 3920 573 3990 sit,
599 3929 717 3993 praestat
742 3921 858 3994 cogitare
891 3917 961 3972 Vide
978 3935 1059 3989 supra
1076 3919 1111 3970 ad
1130 3924 1188 3972 at.

260 4003 339 4058 quam
355 4001 511 4060 expnmere.
926 3994 948 4055 t.
959 3993 999 4042 lt.
1035 3987 1233 4041 inMacedoniu
1249 3987 1384 4068 yiqnitur]
1409 3985 1499 4056 Iinmo

311 4073 419 4110 aureum
445 4059 551 4142 solima]
605 4057 683 4111 Diod.
712 4058 755 4112 lib.
773 4072 858 4126 xvnr,
892 4071 976 4126 propa
984 4055 1121 4110 Nonacria
1138 4054 1165 4109 in
1180 4054 1431 4128 AresdiaStygmm
1446 4056 1503 4113 hoe

259 4127 292 4179 26
310 4129 497 4195 πρῶτονμὲν
518 4147 572 4212 pap
589 4133 630 4194 τῷ
650 4127 759 4196 σώματι
776 4146 857 4180 κατε·
891 4139 1021 4178 venenum
1050 4141 1084 4177 ex
1110 4131 1189 4194 petra
1215 4122 1350 4178 destillare
1375 4133 1501 4180 auctores

262 4195 405 4258 σκευᾶσθη
427 4213 549 4266 χρυσουν
572 4195 751 4265 σφυρήλατον
773 4195 858 4268 ἁρμό·
891 4199 954 4246 sunt
970 4191 1129 4246 Plutarchus
1151 4191 1179 4245 in
1196 4191 1274 4245 Alex.
1292 4209 1314 4246 c.
1329 4199 1360 4246 77
1379 4201 1408 4246 at
1425 4192 1500 4248 Pau-

263 4263 324 4348 ζον,
356 4268 402 4347 ful
419 4261 494 4350 rosir'
515 4261 570 4349 dp'd
587 4269 675 4331 μέσον
692 4263 858 4348 ἐπὶήρωσᾳν
891 4261 976 4316 sanias
994 4259 1022 4314 in
1040 4259 1176 4341 Armdieis
1195 4265 1236 4314 18.
1475 4333 1482 4344 ι

261 4349 517 4464 tassetan
532 4329 858 4472 at“.t²ata;..at
890 4333 1428 4470 armantarmant
1445 4331 1499 4454 t?

261 4469 303 4533 τῷ
322 4465 439 4534 σώματι,
459 4465 555 4520 ἐπάνω
592 4471 604 4519 ἑ
622 4474 669 4531 τῆς
688 4467 775 4533 θήκης
794 4473 857 4521 ἐπε·
889 4469 954 4537 pule
971 4466 1068 4522 omissa
1086 4463 1181 4520 lineola
1198 4463 1302 4534 legitur,
1321 4465 1362 4535 (in
1378 4465 1452 4522 Flor.
1472 4469 1496 4524 C
