3324 5054
565 341 616 391 on
643 341 770 394 oasrrs
796 343 906 394 senx.
938 343 988 412 ιν,
1017 339 1058 393 ιι.
1385 321 1435 392 83

132 548 167 596 aa
187 525 446 622 Carthaginem
471 525 597 623 magis,
624 551 731 624 quam
757 523 895 622 'symm
921 535 1148 598 ornaverant.
1181 523 1330 598 Sacnrm
1349 549 1436 621 quo·

186 659 268 732 que,
296 633 394 731 quod
421 633 587 730 equidem
615 637 681 710 diis
707 633 851 707 minime
878 631 977 707 cordi
1000 658 1079 708 esse
1098 631 1320 723 crediderim,
1347 636 1437 708 mul-

186 747 235 817 tis
269 745 420 818 saeculis
453 746 696 819 intermissum
728 743 913 840 repetendi
944 756 1109 819 auctores
1144 743 1290 841 quidam
1307 755 1435 833 -erant,

185 866 231 928 ut
264 855 441 952 ingenuus
476 883 567 955 puer
593 853 749 928 Saturno
784 855 1046 928 immolaretur:
1079 853 1177 951 quod
1211 853 1437 951 sacrilegium

112 1003 119 1024 ι
186 967 309 1039 verius
337 989 447 1062 quam
473 991 616 1040 sacrum
643 963 971 1063 Carthaginienses,
1003 991 1025 1038 a
1056 963 1301 1038 conditoribus
1328 964 1436 1036 tradi·

185 1087 283 1165 trrm,
316 1100 431 1175 usque
462 1077 510 1149 ad
536 1075 716 1150 excidium
746 1075 846 1148 urbis
871 1099 957 1150 suae
988 1077 1114 1149 fecisse
1145 1075 1322 1148 dicuntur.
1380 1074 1436 1146 Ac

185 1187 257 1260 nini
289 1190 448 1262 seniores
484 1187 725 1276 obstitissent,
757 1210 909 1280 quorum
944 1186 1092 1259 consilio
1127 1197 1257 1260 cuncta
1282 1187 1436 1283 ageban-

185 1307 260 1390 tur,
286 1299 549 1372 humanitatem
576 1296 655 1370 dira
680 1296 887 1395 superstitio
912 1297 1067 1370 vicisset

131 1429 169 1478 ιι
299 1407 469 1482 Ceterum
501 1409 678 1482 efficacior
711 1407 810 1480 omni
840 1417 918 1480 arte
956 1408 1151 1482 necessitas
1190 1433 1264 1481 non
1303 1407 1485 1480 usitatald

186 1519 299 1594 modo
325 1517 514 1615 praesidia,
541 1518 606 1592 sed
632 1516 809 1614 quaedam
835 1517 943 1590 etiam
968 1543 1064 1590 nova
1089 1517 1285 1592 admonuit
1329 1515 1436 1590 Nam·

187 1655 260 1728 que
294 1627 342 1699 ad
374 1629 589 1726 implicanda
615 1629 773 1725 navigia,
807 1639 898 1724 quae
929 1653 1051 1702 muros
1086 1629 1282 1718 subibant,
1307 1627 1435 1702 validis

187 1739 370 1814 asseribus
407 1739 553 1838 [corvos
587 1749 625 1812 et
654 1739 788 1811 ferreas
819 1737 963 1837 manus]
995 1740 1235 1838 illigaverant,
1263 1749 1321 1828 ut,
1354 1764 1436 1810 cum

186 1860 372 1924 tormento
398 1874 538 1923 asseres
563 1849 852 1948 promovissent,
882 1850 1001 1923 subito
1033 1849 1165 1922 laxatis
1190 1850 1335 1924 fiinibus
1361 1850 1436 1922 inii·

226 2038 312 2100 M&
431 2034 550 2102 maiam
577 2031 713 2112 aptissime
739 2030 800 2113 libri
834 1983 1040 2112 commendandi.
1068 2031 1217 2088 Scheflerus
1235 2031 1391 2112 eontradicit
1409 2043 1437 2087 et

186 2117 266 2224 ’.Ξῖ
328 2099 543 2223 otmts'dd
560 2099 800 2222 ttttttt
833 2099 1343 2238 t‘imfflhffllffiil..
1379 2187 1439 2223 ....

186 2235 247 2291 r'rllo
263 2235 333 2291 libro
350 2255 398 2290 ms.
414 2208 555 2316 {arflatum
571 2235 622 2302 sit,
641 2252 801 2314 quamquam
833 2235 959 2290 aidiorum
968 2249 1023 2318 non
1030 2208 1199 2291 admohemus
1206 2236 1331 2319 aliquem,
1334 2187 1438 2358 priippe

187 2305 274 2360 Snak.
292 2306 327 2359 de
344 2304 481 2359 Vosnsnrs
503 2304 571 2358 alst.
607 2303 693 2358 Recte
709 2313 799 2358 autam
834 2321 902 2384 quae
919 2323 974 2360 non
991 2323 1043 2360 ram
1060 2321 1130 2360 nova
1147 2314 1250 2372 essem,
1273 2323 1295 2359 ιι
1317 2323 1334 2358 a
1352 2323 1437 2360 morn-

186 2373 277 2454 Aldus
290 2373 409 2454 conexit
426 2373 621 2454 quod'inuedd.
654 2371 726 2453 rimis
740 2380 799 2428 arat
817 2379 906 2428 -trone
922 2381 1118 2429 revocarentur.
1137 2373 1288 2453 zeugmatis
1303 2375 1438 2453 quoddam

187 2451 221 2496 et
237 2449 372 2496 invenitur
389 2461 417 2494 ιιι
433 2441 524 2494 multra
541 2459 626 2512 usque
680 2459 720 2494 rus
737 2459 798 2494 mss.
831 2455 916 2512 mus
941 2449 998 2508 cst,
1026 2459 1086 2496 cum
1111 2442 1223 2495 verbum
1249 2459 1283 2494 un
1305 2460 1376 2496 nmis
1402 2443 1438 2496 ad

186 2519 342 2580 npdettm.
377 2511 459 2564 Ber-n.
483 2511 510 2563 Δ
534 2527 551 2562 a
566 2527 607 2580 pr.
627 2527 708 2564 mauu
725 2527 798 2580 repe·
832 2519 924 2564 vetera
939 2519 969 2562 et
986 2510 1049 2564 olim
1066 2511 1165 2564 usitato
1181 2459 1324 2580 praesidia
1342 2511 1438 2564 refera-

187 2589 248 2633 tem
265 2579 356 2643 habet,
374 2579 408 2631 ab
426 2577 513 2658 altera
529 2587 666 2660 repetente.
831 2585 884 2631 tur.
924 2577 1009 2632 Simili
1031 2578 1078 2632 aad
1100 2577 1205 2658 inversa
1229 2577 1334 2632 ratione
1357 2597 1379 2632 c.
1406 2587 1436 2632 lt

225 2663 308 2726 usque
325 2648 364 2699 od
381 2648 512 2726 ceodrum
529 2647 603 2727 urbes
622 2649 696 2714 ιιιαε]
719 2645 798 2726 βψω
833 2655 902 2698 extr.
915 2657 1107 2717 praeceperant
1124 2655 1240 2718 ponitur.
1418 2719 1423 2730 .

187 2713 798 2904 fflfflfflffiffllb'i
832 2733 1011 2904 “ciffi
1024 2717 1135 2836 Ῑθᾞιῗί
1148 2733 1341 2838 ..mtttttt
1356 2735 1437 2838 iffi?

483 2869 491 2902 ¹
512 2891 519 2917 ι

190 2853 295 2905 atterit
310 2851 403 2904 fedrse
595 2860 673 2930 'tque
690 2851 732 2904 rel
749 2867 798 2904 suo
832 2859 882 2930 οι..
903 2850 951 2930 lor.
969 2851 1090 2906 omuibus
1107 2852 1220 2918 absunt,
1244 2869 1294 2906 nec
1312 2851 1438 2922 lcgrmtur

187 2919 798 3066 enitamur&
947 2919 1438 3068 rmstlttlctuscu

187 3073 218 3128 p.
232 3061 282 3110 145
300 3054 409 3108 Ruhnk.
426 3054 512 3108 srmrla
547 3055 593 3108 uid
609 3056 643 3108 de
657 3055 799 3124 Tyriorum
833 3054 956 3121 ocutuht,
976 3073 1134 3126 quamquam
1151 3057 1436 3110 mrrorVoss.1men-

187 3141 266 3178 sacro
284 3122 386 3176 nesano
402 3140 420 3175 a
438 3122 480 3176 Cli
533 3123 721 3178 ·otraditum
736 3125 798 3178 sori-
834 3123 933 3178 tionem
955 3125 1051 3178 factam
1072 3141 1129 3178 ease
1158 3124 1264 3178 nullarn.
1306 3126 1386 3189 Quod
1409 3125 1437 3180 iu

186 3193 246 3258 bit,
264 3192 337 3245 unde
353 3191 455 3245 iontem
473 3189 561 3246 Curtii
577 3209 712 3272 agnoscas.
834 3193 891 3246 eod.
918 3190 993 3246 Petri
1019 3190 1137 3246 Danielis
1167 3202 1197 3246 et
1222 3193 1280 3247 Pal.
1306 3201 1321 3247 2
1355 3195 1437 3248 verba

226 3261 294 3331 Cap.
315 3267 357 3325 lt,
376 3263 401 3326 s.
419 3267 462 3312 24.
500 3277 513 3312 e
536 3277 636 3313 tractor
653 3262 724 3314 omm'
741 3271 799 3313 orte
867 3259 922 3314 'ors
939 3269 1043 3314 tantum
1060 3279 1150 3314 corvos
1167 3279 1200 3314 oc
1213 3263 1323 3331 ferreos
1341 3281 1436 3316 otacus

186 3331 344 3396 maritus]
368 3327 514 3380 Addidita
527 3329 575 3380 dus
590 3330 799 3382 tmmtmmante
833 3279 976 3382 dn'derari
995 3331 1147 3394 traduntur,
1165 3329 1259 3382 falsum
1276 3347 1333 3384 esse
1351 3339 1433 3400 puto;

186 3396 506 3535 ffiiimti'idall‘tf
523 3397 799 3519 li‘blmall⁸¹'rill'
832 3397 1079 3536 iirillllffi‘
1096 3397 1437 3538 llbttt‘ttttt

186 3537 267 3587 Voss.
288 3541 319 3597 l,
343 3539 359 3586 2
379 3541 494 3603 utroque
512 3533 593 3586 Rern.
610 3543 639 3586 et
657 3533 729 3587 Flor.
747 3533 797 3586 AB
832 3535 914 3588 verba
931 3551 988 3587 eron
1007 3536 1081 3588 uncis
1099 3552 1132 3588 ac
1140 3536 1262 3605 falcibus
1284 3535 1373 3606 spuria
1390 3537 1437 3588 ha-

188 3601 276 3656 cssfl.
308 3605 340 3654 In
358 3601 451 3654 eadem
470 3600 580 3670 periodo
596 3618 646 3672 pro
663 3603 798 3656 admonuit
833 3601 893 3655 buit
917 3615 995 3674 atque
1020 3602 1124 3658 omisit:
1151 3612 1244 3668 recte,
1278 3621 1338 3656 nam
1364 3606 1438 3675 quod

187 3670 290 3740 legitur
307 3669 414 3740 quidem
433 3670 459 3721 in
478 3669 574 3722 nostris
591 3669 712 3724 omnibus
730 3670 799 3723 aliis·
833 3669 952 3740 sequitur
976 3688 1075 3740 quoque
1102 3671 1166 3725 satis
1194 3671 1294 3725 indicat
1320 3673 1437 3726 nondum

189 3755 244 3810 que
260 3737 351 3791 multis
370 3737 504 3791 codicibus
522 3741 645 3804 admovit,
664 3755 713 3792 nec
721 3737 800 3792 alitcr
834 3739 867 3792 de
884 3739 935 3791 illis
952 3739 1052 3792 dictum
1069 3755 1133 3793 esse.
1156 3741 1337 3819 Agnoscamus
1356 3741 1438 3810 igitur

186 3807 218 3861 in
235 3806 397 3860 editionibus
419 3805 477 3858 anti
514 3806 535 3859 is
557 3815 614 3872 est,
639 3815 670 3860 ut
693 3815 800 3879 praeter
833 3807 952 3860 lacunam
975 3807 1017 3862 hie
1039 3807 1066 3861 in
1089 3807 1268 3862 vetustissimo
1294 3809 1437 3880 exemplari

186 3875 332 3930 Modianos
355 3874 460 3928 codices
520 3874 664 3928 laniensem
680 3884 709 3928 et
723 3875 799 3947 Siga·
832 3875 926 3942 srriase,
949 3893 1016 3946 quae
1040 3877 1207 3930 crateribus
1224 3877 1437 3930 emendatoribus

187 3945 345 4014 bergensem
359 3951 447 3996 sartos
462 3951 582 3997 auctores
597 3942 718 3998 lectionis
727 3963 797 3998 nunc
831 3960 864 3996 ex
883 3945 1003 4014 sequenti
1021 3945 1141 3998 oratione
1157 3943 1264 4016 expleta
1281 3946 1324 3998 sit.
1351 3945 1437 4000 Simili

186 4031 225 4066 vu
271 4021 316 4065 tae
337 4029 391 4065 non
409 4011 560 4064 habeamus.
594 4011 647 4065 Est
668 4013 748 4066 etiam
766 4022 798 4066 ut
832 4021 904 4066 ocrte
921 4013 1103 4084 supplemento
1126 4031 1192 4084 opus
1216 4023 1265 4068 est.
1310 4014 1436 4067 Ceterum

187 4099 221 4136 su
258 4081 358 4134 ubitem
376 4081 410 4133 dc
428 4079 480 4132 fide
499 4079 591 4133 Modii.
621 4079 676 4134 Sed
693 4081 797 4134 etiamsi
831 4082 902 4146 quod
921 4082 955 4134 atl
972 4099 1027 4134 rem
1045 4081 1127 4153 ipsam
1135 4081 1262 4152 pertinet,
1282 4084 1437 4136 verbahaec

187 4149 235 4204 illa
252 4149 338 4203 Modii
356 4149 508 4202 emendatio
527 4148 618 4216 suerit,
644 4149 724 4202 nihilo
748 4150 797 4202 mi·
831 4161 872 4212 ut,
895 4169 951 4202 cum
973 4160 1096 4204 tomento
1114 4169 1217 4204 asseres
1235 4155 1435 4220 promovissent,

187 4237 239 4273 nus
257 4235 346 4271 reram
364 4235 421 4270 esse
438 4227 519 4288 puto:
537 4235 622 4288 neque
640 4219 710 4271 enirn
727 4217 797 4270 dati-
831 4220 915 4271 subito
934 4221 1032 4272 luxatis
1041 4221 1157 4287 funibus
1176 4221 1312 4271 iniiccrcnt
1331 4229 1434 4272 mutata

188 4305 238 4341 rus
255 4287 282 4340 in
301 4295 426 4358 promptu
440 4295 491 4352 est,
510 4287 551 4340 cui
567 4287 797 4357 praesidiacdmo-
830 4287 961 4340 rhetorice
994 4287 1195 4341 constructionis
1232 4288 1315 4340 forma
1351 4288 1437 4358 posita

189 4375 247 4409 rere
257 4355 399 4409 necessitas
409 4354 521 4420 dicatur,
537 4373 597 4410 curn
606 4365 698 4410 eontra
707 4359 796 4410 cdmo-
831 4364 894 4409 sunt
915 4373 963 4426 pro
987 4365 1029 4422 ut,
1057 4357 1155 4410 locatis
1171 4355 1304 4436 funibus,
1331 4375 1435 4409 asseres

189 4443 251 4478 nere
273 4424 349 4478 facilc
373 4423 538 4494 intelligatur
561 4441 639 4478 seusu
662 4425 797 4493 suadendi,
832 4434 956 4478 tormento
973 4435 1106 4493 promotos
1125 4425 1261 4478 iniecerant
1287 4425 1433 4494 (naribus).

1161 4516 1195 4564 6·
