3260 5042
736 387 955 440 PRAEFATIO.
1333 467 1341 475 .
1371 422 1377 434 ·
1403 391 1458 444 XV

215 595 295 644 ram
323 570 392 643 sub
418 571 565 644 nomine
590 569 686 644 Petr.
712 565 871 646 Danielis
897 579 1105 668 excerptam
1136 572 1206 668 legi
1237 573 1274 643 in
1301 569 1457 645 editione

214 696 520 771 Freinshemiana
572 699 700 784 Altera
724 699 846 773 classis
874 707 930 770 est
955 697 1126 770 librorum
1151 708 1393 770 correctorum
1420 709 1457 772 et

215 835 486 922 corruptorum,
521 853 612 924 quos
644 829 681 900 in
706 826 913 899 universum
946 824 1140 900 deteriores
1166 825 1276 898 libros
1303 826 1455 922 appello.

214 949 289 1026 Sed
317 977 361 1026 ea
386 953 616 1054 interpolatio
642 956 716 1027 hos
735 954 837 1051 quasi
863 952 997 1051 gradus
1024 953 1148 1042 habet,
1182 963 1223 1024 ut
1248 953 1351 1025 alteri
1377 977 1456 1050 par-

215 1081 283 1153 tim
309 1082 426 1156 minus
459 1109 569 1181 saepe
595 1077 782 1187 discedant
812 1081 857 1154 ab
890 1081 1052 1178 integris,
1088 1081 1218 1178 partim
1250 1081 1312 1154 ubi
1347 1079 1457 1152 disoe-

207 1208 326 1300 ·dnnt,
357 1210 457 1290 haud
482 1235 566 1315 raro
592 1210 684 1283 bene
711 1235 753 1282 ac
768 1209 974 1307 'prudenter
999 1209 1194 1306 corrigant,
1229 1208 1332 1281 alteri
1358 1209 1457 1282 nulla

214 1339 320 1435 qussi
344 1338 516 1436 religione
543 1337 705 1412 obstricti
737 1337 879 1435 saepius
915 1361 957 1410 ac
992 1336 1068 1410 sine
1101 1361 1209 1410 causa
1235 1336 1281 1411 ab
1308 1337 1456 1434 integris

208 1466 359 1556 abeant,
387 1465 575 1563 verbaque
595 1475 826 1554 commutent,
853 1451 1100 1564 transponant,
1128 1464 1305 1537 omittant
1345 1461 1455 1538 Cuius

156 1664 159 1669 .
212 1592 502 1690 interpolationis
528 1594 608 1690 quis
638 1593 779 1691 primus
810 1603 937 1665 auctor
962 1593 1082 1682 suerit,
1118 1590 1260 1665 difficile
1285 1602 1342 1666 est
1367 1590 1455 1664 divi·

213 1744 313 1792 nare
365 1718 544 1816 Equidem
569 1721 729 1818 putavi
720 1747 757 1794 m
782 1720 910 1819 prioris
929 1719 1093 1794 editionis
1110 1720 1329 1818 praefatione
1346 1719 1455 1792 fuisse

214 1845 366 1926 doctum
391 1845 574 1946 quendam
598 1845 730 1922 Italian
755 1873 803 1924 ex
828 1849 947 1946 priore
972 1857 1074 1945 parte
1100 1849 1230 1922 saeculi
1246 1869 1310 1938 xv,
1336 1847 1472 1920 nullus·

178 2015 181 2020 ·
216 1975 315 2050 enim
338 1975 429 2049 liber
460 1975 580 2058 huius¹
599 1976 752 2060 familiae
777 1970 955 2050 vetustior
986 1987 1042 2050 cst
1072 1986 1279 2056 caretate:
1309 2001 1378 2049 nec
1402 1999 1456 2048 re-

216 2083 482 2202 darguithanc
508 2103 747 2178 coniecturam
774 2127 893 2178 meam
917 2102 1156 2193 Muetzellius,
1191 2102 1276 2176 dnm
1302 2102 1456 2202 probare

215 2229 351 2321 studet,
375 2231 634 2329 interpolatum
659 2241 802 2306 textum
827 2231 898 2304 iam
924 2231 1019 2304 circa
1043 2257 1075 2304 a
1106 2234 1202 2306 1200
1229 2257 1335 2306 aerae
1358 2229 1457 2306 Chri·
1534 2293 1545 2312 .

215 2358 357 2432 stianae
387 2369 584 2433 tractatum
615 2370 654 2434 et
685 2384 896 2458 expressum
929 2384 1009 2434 esse
1040 2385 1063 2432 a
1088 2359 1252 2456 Philippo
1285 2355 1457 2434 Gualtero

215 2486 266 2560 in,
279 2485 560 2562 Alexandreide.
592 2485 705 2562 'Nam
731 2477 859 2586 quibus
885 2488 972 2562 locis
997 2485 1036 2560 id
1061 2487 1307 2560 demonstrare
1332 2485 1456 2576 voluit,

215 2639 292 2688 non
318 2615 436 2690 effecit
462 2625 505 2688 ut
530 2615 782 2714 persuaderet:
816 2640 928 2688 unum
960 2614 1029 2688 hoc
1063 2614 1218 2688 dubitari
1244 2615 1374 2713 possit,
1410 2639 1457 2686 an

216 2741 352 2818 doctus
372 2743 441 2816 -ille
467 2741 580 2818 Italus
612 2744 704 2817 libro
735 2745 854 2842 aliquo
888 2743 1088 2840 antiquiore
1119 2741 1342 2816 emendatius
1358 2743 1457 2840 'scri-

216 2881 282 2969 pto
308 2896 396 2946 usus
422 2872 485 2963 sit,
517 2870 807 2970 quandoquidem
832 2897 906 2944 non
932 2896 1067 2973 paucae
1093 2871 1329 2947 correctiones
1342 2895 1457 2968 prae·

215 2999 343 3072 sertim
367 2999 406 3072 in
431 2999 699 3098 posterioribus„
717 2999 816 3074 libris
846 3009 922 3072 tam
954 2999 1163 3074 commodae
1188 3008 1290 3092 sunt,
1326 2998 1391 3074 vix
1416 3009 1456 3072 ut

216 3125 265 3199 ab
292 3126 490 3201 recentiore
517 3123 643 3228 critico
666 3126 862 3226 excogitari
888 3128 1047 3226 potuisse
1065 3105 1264 3202 videantur.
1306 3125 1457 3201 Verum·

217 3264 345 3328 tamen»
383 3255 499 3353 magis
540 3253 701 3330 adducor
737 3265 780 3328 ut
815 3255 916 3329 illum
950 3255 1216 3330 emendatorem
1250 3281 1316 3328 suo
1352 3279 1457 3328 usum

217 3405 299 3460 esse
331 3382 476 3480 ingenio
511 3383 715 3458 existimem
749 3381 877 3456 callido
916 3393 955 3457 et
988 3385 1204 3474 exercitato,
1249 3383 1345 3480 quali
1379 3393 1458 3456 tum

216 3508 318 3582 haud
351 3511 456 3607 pauci
473 3511 693 3584 ,litterarum
724 3521 984 3586 restauratores
1019 3511 1098 3584 Itali
1130 3511 1309 3585 valebant
1360 3509 1457 3583 Dua-

216 3662 299 3710 rum
324 3638 434 3735 igitur
461 3638 629 3712 classium
652 3637 879 3729 deteriorum,
906 3665 996 3736 quos
1016 3642 1167 3738 appello,
1193 3638 1366 3712 librormn
1384 3662 1458 3710 una

215 3765 408 3862 estpanlo
442 3768 703 3864 praestantior,
742 3768 779 3840 in
813 3791 921 3865 quam
951 3769 1067 3842 refero
1097 3767 1191 3844 Flor.
1217 3765 1295 3843 DF
1295 3763 1356 3842 Gr.
1408 3763 1457 3838 Iis

215 3891 430 3967 accensendi
457 3905 544 3968 sunt
575 3905 613 3968 et
636 3894 861 3972 Palatimrsl
896 3895 994 3993 apud
1019 3895 1315 3986 Freinshemium,
1351 3919 1458 3991 quem

215 4021 383 4118 proxime
407 4019 456 4094 ad
480 4021 574 4096 Blor.
592 4021 632 4096 D
658 4022 827 4098 accedere
853 4024 1016 4121 cognovi,
1043 4034 1080 4098 et
1104 4023 1350 4098 Fauclretioous
1370 4024 1458 4098 item

216 4147 317 4246 apud
330 4148 634 4240 ›Freinshemium
662 4162 700 4223 et
724 4165 790 4226 tres
814 4151 969 4226 Pasini
992 4177 1102 4250 supra
1127 4177 1150 4224 a
1175 4151 1278 4225 nobis
1305 4176 1457 4225 comme·

214 4277 357 4367 morati,
377 4301 538 4374 quorum
563 4302 675 4352 unum
702 4278 751 4377 (n.
779 4277 895 4376 5718)
921 4303 1001 4354 esse
1018 4279 1233 4354 Ρίῑὴοεαηιιιιι
1256 4281 1293 4352 in
1316 4281 1452 4354 varian-

215 4406 309 4478 tium
333 4405 529 4480 lectionum
560 4406 680 4480 libello
706 4405 998 4481 Freinshemiano
1033 4409 1242 4506 cognovisse
1276 4408 1381 4482 nobis
1407 4408 1459 4482 vi·

215 4533 353 4606 dentur.
406 4531 674 4607 Additamentis
701 4561 748 4608 ex
774 4535 900 4608 lustini
925 4536 1077 4611 historia
1094 4533 1302 4634 desumptis,
1329 4535 1458 4633 quibus
