3324 5054
513 283 563 334 nn
590 283 718 336 onsrrs
734 285 855 336 anax.
884 285 933 351 Ν,
960 281 1003 330 as.
1324 263 1371 334 93

126 463 236 537 niden
267 473 305 536 et
340 462 450 538 duces
484 467 638 540 militum
670 476 752 536 orta
784 465 912 538 seditio
938 465 1160 563 irrumpendi
1185 469 1221 540 in
1248 466 1373 541 urbem

83 595 109 640 u
127 573 354 648 occasionem
386 574 495 650 dedit
549 575 711 671 Cumque
743 590 849 674 porta
881 578 1031 669 effracta
1056 577 1184 649 cohors
1210 577 1374 652 Macedo·

126 711 214 758 num
249 686 436 774 intrasset,
469 684 656 782 oppidani,
690 687 775 760 olim
807 690 955 762 oonsilio
987 687 1199 789 proditionis
1226 689 1373 784 agitato,

125 808 328 896 aggregant
352 821 393 867 se
419 794 644 891 Amphotero
672 809 709 871 et
733 797 959 894 Hegelocho:
987 799 1249 896 Persarumque
1274 821 1373 893 prae·

125 909 217 982 sidio
258 929 379 992 caeso,
414 901 672 982 Phamabaaus
710 934 793 980 cum
823 907 1040 1005 Apollonide
1071 921 1108 981 et
1140 908 1373 1008 Athenagora

82 1036 109 1084 1s
125 1018 237 1090 vincti
264 1011 473 1106 traduntur,
506 1016 696 1092 duodecim
722 1019 885 1092 triremes
912 1044 995 1092 cum
1021 1045 1087 1093 suo
1114 1019 1224 1092 milite
1249 1043 1293 1090 ac
1318 1041 1370 1090 re·

125 1130 239 1224 mige,
270 1135 415 1222 praeter
441 1151 502 1199 eas
528 1129 678 1224 triginta
702 1128 842 1218 inanes,
877 1141 916 1204 et
942 1131 1081 1227 piratici
1106 1128 1229 1219 lembi,
1265 1125 1372 1204 Grae·

124 1260 322 1334 corumque
353 1236 424 1308 tria
455 1238 553 1309 milia
584 1263 607 1309 a
638 1236 758 1311 Persis
793 1240 959 1314 mercede
991 1241 1177 1336 conducta
1238 1238 1304 1310 His
1336 1238 1373 1310 in

126 1349 418 1447 supplementum
444 1349 629 1446 copiurmn
655 1374 802 1422 suarum
829 1349 1044 1440 distributis,
1071 1353 1266 1449 piratisque
1291 1374 1372 1447 sup·

125 1461 231 1559 plicio
259 1457 408 1548 affectis,
436 1460 600 1557 captivos
627 1461 780 1559 remiges
807 1462 969 1535 adiecere
996 1463 1101 1536 classi
1127 1487 1222 1534 suae.

80 1598 108 1644 n
228 1566 339 1640 Forte
364 1567 611 1661 Aristonicus,
636 1568 974 1669 Methymnaeorum
999 1583 1189 1672 tyrarmus,
1216 1595 1298 1644 cum
1322 1569 1425 1668 pi-tt

123 1679 245 1754 raticis
277 1679 453 1771 navibus,
490 1681 639 1779 ignarus
675 1683 834 1755 omnium
874 1708 967 1780 quae
999 1682 1097 1784 apud
1131 1679 1259 1756 Chium
1293 1684 1375 1756 acta

124 1789 382 1887 erantpn'ma
406 1792 530 1889 vigilia
555 1790 604 1866 ad
629 1803 757 1891 portus
784 1794 942 1868 claustra
966 1795 1152 1883 successit,
1178 1794 1373 1890 interroga

123 1913 255 1998 tuaque
282 1925 305 1972 a
330 1902 541 1976 custodibus
568 1905 648 2000 quis
675 1903 796 1976 esset?
827 1903 1072 1978 Aristonicum
1098 1903 1145 1978 ad
1170 1902 1375 1976 Pharnaba·

77 2031 107 2080 ao
124 2035 208 2085 zum
234 2012 358 2084 venire
382 2013 578 2112 respondit.
626 2013 683 2086 llli
709 2013 986 2088 Pharnabazum
1011 2014 1155 2113 quidem
1180 2013 1252 2086 iam
1278 2013 1374 2110 quie·

124 2146 236 2212 scere,
262 2131 301 2194 et
326 2148 400 2195 non
426 2149 537 2224 posse
560 2135 639 2198 tum
665 2123 774 2216 adiri,
802 2135 962 2198 ceterum
987 2138 1112 2227 patere
1139 2124 1235 2198 socio
1263 2134 1372 2220 atque

123 2232 260 2331 hospiti
297 2243 459 2335 portum,
495 2233 533 2308 et
570 2247 720 2336 postera
760 2236 817 2310 die
852 2236 1078 2310 Pharnabazi
1113 2235 1252 2332 copiam
1286 2234 1373 2324 fore,

76 2363 104 2409 21
123 2343 316 2416 affirmant
369 2341 445 2418 Nec
472 2344 653 2420 dubitavit
678 2347 904 2420 Aristonicus
931 2346 1067 2444 primus
1093 2347 1235 2434 intrare,
1262 2343 1375 2418 secuti

123 2464 212 2528 sunt
239 2453 367 2526 ducem
393 2455 533 2552 piratici
559 2456 678 2547 lembi,
705 2481 748 2530 ac
775 2455 861 2529 dum
889 2457 1072 2554 applicant
1096 2455 1239 2553 navigia
1264 2455 1374 2553 crepi-

124 2567 199 2640 dini
227 2575 365 2664 portus,
393 2565 558 2639 obiicitur
585 2592 608 2639 a
634 2567 801 2666 vigilibus
828 2569 1034 2658 claustrum,
1070 2581 1107 2641 et
1133 2569 1193 2664 qui
1218 2566 1374 2664 proximi

123 2676 367 2766 excubabant,
394 2676 440 2749 ab
466 2676 594 2750 iisdem
621 2679 844 2751 excitantur:
879 2680 977 2752 nullo
1004 2703 1051 2750 ex
1077 2678 1132 2750 his
1159 2701 1246 2749 auso
1273 2703 1376 2777 repu-

124 2813 257 2889 gnare,
293 2785 459 2858 omnibus
494 2799 643 2862 catenae
677 2789 828 2862 iniectae
863 2801 966 2894 supt,
992 2787 1215 2886 Amphotero
1248 2787 1376 2861 deinde

78 2919 107 2966 aa
124 2896 408 2997 Hegelochoque
439 2897 642 2972 traduntur.
696 2897 791 2973 Hinc
816 2899 1031 2974 Macedones
1065 2899 1237 2973 transiere
1267 2898 1373 2998 Mity-

123 3013 248 3098 lenen,
284 3030 393 3102 quam
420 3004 554 3081 Chares
581 3010 812 3083 Atheniensis
845 3036 960 3110 nuper
986 3019 1196 3107 occupatam
1224 3009 1376 3082 duorum

124 3121 265 3194 milium
292 3117 485 3191 Persarum
519 3119 699 3218 praesidio
735 3121 898 3194 tenebat:
937 3120 1002 3193 sed
1036 3146 1118 3192 cum
1153 3119 1374 3193 obsidionem

126 3233 285 3306 tolerare
311 3255 385 3305 non
411 3243 545 3330 posset,
572 3231 662 3304 urbe
689 3231 832 3321 tradita,
859 3243 986 3331 pactus
1015 3241 1056 3302 ut
1081 3231 1248 3303 incolumi
1274 3231 1372 3303 abire

127 3345 264 3432 liceret,
291 3343 452 3416 Imbrum
478 3343 577 3440 petit.
630 3341 770 3414 Deditis
798 3341 1011 3414 Macedones
1038 3353 1283 3440 pepercerunt

80 3471 118 3520 vl.
234 3453 374 3528 Dareus
407 3453 599 3551 desperata
633 3479 736 3550 pace,
770 3480 876 3550 quam
908 3479 973 3552 per
1004 3453 1141 3526 litteras
1168 3452 1425 3550 legatosque25

161 3684 187 3748 ξ.
213 3685 255 3734 18.
286 3689 395 3750 praeter
420 3697 467 3733 cos
497 3681 607 3749 triginta
635 3682 737 3739 inanes,
808 3683 831 3746 ξ.
849 3686 891 3732 20.
931 3689 1039 3748 postero
1072 3681 1115 3731 die
1145 3687 1256 3748 uterque
1286 3677 1377 3745 Rern,

129 3749 226 3827 supple
245 3748 375 3828 hirciaeq
394 3757 424 3800 ut
441 3758 612 3828 opponantur
629 3748 681 3801 illis
690 3749 738 3801 mi·
774 3747 992 3827 Fronnsscsfl
1016 3756 1044 3800 et
1067 3758 1121 3798 tres
1142 3765 1158 3798 a
1177 3745 1378 3826 Sunalrenburgio

128 3815 740 3964 hihrwffllldffleliubuhiffllahidflx'hex
774 3816 885 3950 qqll'aqg·
911 3816 1000 3886 Vulgo
1017 3827 1130 3963 postero.
1167 3815 1235 3868 Vulc
1248 3950 1253 3960 Ι
1266 3815 1300 3867 ad
1331 3829 1378 3881 111,

131 3961 187 4007 lac
204 3953 337 4006 Modunis
355 3953 436 4006 hbru.
456 3951 544 4032 Vulgo
558 3972 647 4020 muas,
659 3955 739 4023 quod,
810 3957 832 4022 5.
851 3961 893 4006 21.
919 3955 1041 4032 oudo-er
1058 3954 1099 4005 his
1118 3953 1192 4017 nuso]
1226 3949 1271 4002 Sro
1287 3966 1378 4003 omnes

131 4021 255 4090 quamvis
272 4021 399 4102 explicari
417 4029 514 4092 possit,
541 4021 627 4075 minus
651 4031 740 4076 tamon
776 4021 835 4075 libri
854 4040 928 4084 man,
955 4022 1021 4074 editi
1040 4029 1144 4090 praeter
1159 4019 1231 4098 Mod.
1249 4021 1377 4100 nulloqqe.

130 4091 244 4229 “¹0ss
261 4090 369 4226 quctgr
385 4100 664 4238 ῗξωῗφῗῗθὴίωη
690 4177 740 4238 ppo
775 4090 1011 4212 Melitiuhbldtnllih
1019 4090 1135 4223 ,Bhreiori
1154 4086 1313 4234 listhFleri
1322 4105 1377 4208 llll'

130 4229 203 4296 vulg.
222 4230 261 4279 ad
280 4228 374 4280 Charon
397 4243 489 4280 omnes
512 4227 570 4281 libri
594 4245 667 4294 msa,
690 4245 740 4280 nrsr
775 4229 875 4295 tylenen
897 4227 1015 4280 BernA
1029 4225 1100 4278 Flor.
1115 4224 1200 4289 ABD,
1218 4225 1378 4277 deteriorum

148 4297 204 4348 uod
226 4298 302 4365 opud
325 4297 423 4364 Tyrmu
447 4295 526 4348 Bern.
547 4296 569 4350 B
597 4297 620 4349 F
622 4297 669 4350 lor.
687 4297 740 4350 BH
776 4297 855 4349 turbu
871 4296 1038 4364 Mityleuem,
1065 4295 1136 4365 quod
1163 4310 1300 4364 perperam
1317 4293 1379 4344 cdo·

157 4381 210 4418 oss.
229 4371 253 4417 2.
774 4366 841 4418 baut
859 4374 922 4418 ante
940 4362 1179 4434 Smkcnburgium.
