3350 5042
603 355 653 406 nx
680 355 807 408 ensrrs
834 355 942 406 mxx.
969 355 1032 423 vn,
1050 353 1093 406 ar.
1390 330 1463 402 335

42 512 45 530 ’
226 531 342 604 amico
367 537 459 610 mori
486 539 622 612 statuit
676 536 758 609 Una
789 545 867 608 erat
899 561 1000 630 cura,
1037 559 1083 608 ne
1114 535 1247 608 inultus
1279 533 1465 608 occideret

225 640 352 740 ltaque
379 647 532 722 subditis
558 645 756 724 calcaribus
783 669 884 742 equo,
918 649 954 721 in
981 646 1117 722 medios
1143 647 1264 720 hostes
1291 668 1329 717 se
1355 645 1466 716 immi·

171 767 210 819 ³8
227 753 289 844 sit,
326 766 364 829 et
395 757 618 831 memorabili
653 753 750 828 edita
784 782 905 856 pugna
939 759 1089 832 obrutus
1128 759 1208 831 telis
1240 767 1305 830 est.
1361 750 1465 842 Quod

228 865 290 938 ubi
327 865 451 940 videre
490 865 551 962 qui
585 866 686 941 'caedi
721 878 945 966 supererant,
993 867 1169 940 tumulum
1212 867 1317 964 paulo
1360 887 1466 960 quam

227 987 347 1050 cetera
373 975 560 1050 editiorem
587 979 747 1076 capirmt3
775 1003 865 1075 quos
889 974 1110 1075 Spitamenes
1137 978 1291 1050 semein
1318 973 1465 1046 deditio·

171 1103 208 1153 sc
225 1111 310 1160 nem
323 1087 539 1161 subacturus
559 1088 711 1162 obsedit
745 1086 912 1162 Cecidere
931 1111 975 1160 eo
994 1088 1127 1186 proelio
1147 1087 1305 1185 peditum
1320 1107 1346 1156 11
1359 1085 1465 1174 milia,

227 1215 298 1270 ccc
318 1196 481 1296 equites]
508 1195 625 1287 Quam
649 1195 788 1271 cladem
803 1196 1012 1270 Alexander
1030 1199 1163 1270 sollerti
1191 1197 1336 1271 consilio
1363 1196 1464 1286 texit,

226 1319 342 1382 morte
368 1307 580 1383 denuntiata
611 1309 683 1398 his,
719 1308 779 1406 qui
811 1331 857 1381 ex
888 1307 1024 1406 proelio
1057 1307 1293 1398 advenerant,
1328 1308 1359 1381 si
1384 1317 1465 1380 acta

225 1420 446 1518 vulgassent

151 1547 226 1597 V111·
328 1527 498 1604 Ceterum
531 1553 614 1602 cum
649 1531 767 1604 animo
802 1529 981 1629 disparem
1020 1529 1160 1604 vultum
1200 1529 1332 1603 diutius
1372 1529 1514 1602 ferre33
1584 1606 1589 1614 ,

225 1665 299 1714 non
325 1649 460 1738 posset,
485 1640 523 1714 in
548 1641 827 1728 tabernaculum,
845 1666 954 1739 super
979 1642 1093 1739 ripam
1117 1636 1271 1713 fluminis
1293 1637 1338 1712 de
1364 1638 1464 1712 indu·

191 1751 315 1825 astris
340 1750 498 1823 locatum
524 1749 682 1826 secessit
734 1747 788 1824 Ibi
813 1751 890 1825 sine
914 1751 1057 1825 arbitris
1084 1751 1224 1850 singule
1248 1751 1355 1823 animi
1382 1775 1463 1823 con·

227 1861 322 1934 sulta
356 1859 563 1959 pensando,
602 1871 748 1936 noctem
787 1851 914 1959 vigiliis
956 1861 1132 1953 extraxit,
1171 1884 1278 1958 saepe
1312 1859 1463 1958 pellibus

226 1971 448 2050 tubernaculi
474 1972 648 2065 allevatis,
674 1983 717 2046 ut
740 1972 962 2070 conspiceret
978 1971 1266 2071 hostium'ignes‚
1292 1971 1464 2069 equibus

193 2085 429 2158 aconiectare
455 2093 608 2182 poterat,
632 2095 771 2182 quanta
795 2081 981 2157 hominum
1004 2081 1323 2157 mulutudoesset.
1375 2079 1464 2154 Iam·

228 2207 304 2292 que·
323 2195 389 2268 lux
415 2195 620 2292 appetebat,
652 2219 735 2269 cum
759 2193 944 2268 thoracem
968 2190 1115 2268 indutus
1139 2191 1301 2292 procedit
1326 2189 1373 2266 ad
1402 2191 1465 2265 mi·

192 2305 325 2397 slites,
357 2315 436 2378 tum
460 2306 617 2410 primum
642 2317 728 2406 post
752 2306 883 2380 vulnus
908 2305 1071 2402 proxime
1102 2315 1297 2403 acceptum.
1348 2299 1466 2374 Tanta

229 2427 308 2490 erat
333 2415 432 2514 apud
456 2443 519 2492 eos
545 2417 731 2494 veneratio
756 2415 861 2513 regis,
887 2427 929 2490 ut
953 2416 1056 2492 facile
1081 2414 1236 2514 periculi,
1262 2412 1359 2512 quod
1384 2412 1465 2488 hor·

194 2527 367 2618 erebant,
395 2529 649 2627 cogitationem
674 2527 878 2627 praesentia
903 2528 979 2601 eius
1005 2535 1198 2601 excuteret
1250 2522 1351 2599 Laeti
1377 2549 1463 2623 ergo

228 2648 267 2711 et
290 2637 521 2714 manantibus
547 2639 682 2739 gaudio
706 2637 875 2727 lacrimis,
912 2637 1139 2712 consalutant
1172 2661 1269 2726 eum,
1305 2645 1342 2709 et
1367 2631 1467 2734 quod

194 2758 313 2824 cante
337 2745 595 2824 recusaverant
621 2749 770 2840 bellum,
804 2749 940 2822 feroces
967 2745 1175 2846 deposcunt
1227 2745 1290 2820 Ille
1317 2771 1356 2820 se
1381 2746 1464 2819 rati·
1552 2790 1556 2797 -

226 2858 295 2932 bus
321 2860 478 2958 equitem
494 2860 781 2961 phalangemque
796 2869 1122 2957 transportaturum
1141 2884 1219 2934 esse
1236 2857 1463 2959 pronuntiem

123 3019 130 3028 ·
166 2987 335 3071 ¹usuper
360 2981 460 3046 utres
485 2971 586 3046 iubet
609 2995 699 3046 nare
718 2970 836 3046 levius
862 2980 1029 3044 armatos.
1081 2969 1190 3060 Plura
1220 2994 1287 3044 nec
1312 2967 1381 3042 dici
1405 2993 1464 3043 res

193 3079 462 3173 sdesideravit,
478 3173 480 3178 Ι
496 3105 564 3155 nec
588 3105 656 3156 rex
683 3081 799 3156 dicere
823 3105 889 3179 per
914 3078 1156 3156 valetudinem
1181 3081 1308 3179 potuit
1362 3077 1464 3154 Cete-

225 3216 306 3265 rum
332 3201 436 3266 tanta
461 3191 645 3267 alacritate
671 3193 822 3266 militum
848 3203 943 3293 rates
976 3191 1116 3266 iunctae
1141 3203 1240 3284 sunt,
1274 3190 1379 3264 utin
1403 3191 1464 3264 tri·

227 3299 339 3376 duum
365 3301 414 3376 ad
438 3323 492 3376 xu
517 3303 615 3377 milio
640 3303 788 3378 effectae
813 3303 894 3377 sint
946 3301 1092 3401 Iamque
1126 3300 1175 3375 ad
1206 3300 1464 3378 transeundum

259 3488 282 3554 §.
300 3492 343 3540 tl.
377 3503 411 3540 ae
425 3487 527 3540 inultus
544 3487 682 3559 redderer]
700 3489 830 3542 occidere-
862 3503 911 3540 uos
928 3485 1052 3541 Medium
1068 3485 1151 3541 secuti
1167 3485 1296 3542 edidimus
1313 3485 1338 3541 in
1357 3504 1374 3542 o
1394 3485 1464 3541 timis

225 3562 268 3608 tur
283 3553 357 3609 -Flon
374 3552 519 3610 DEFGHI
536 3555 594 3609 Pel.
610 3555 723 3610 1·Bern
741 3556 775 3625 B,
795 3573 829 3610 ne
863 3563 912 3622 eet,
932 3573 949 3608 u
1004 3557 1077 3608 retur
1094 3555 1122 3609 in
1131 3555 1312 3610 Ventilet.
1321 3556 1374 3610 ΕΗ
1407 3572 1462 3609 ern.

223 3624 335 3676 inaurem
351 3625 496 3677 occiderent
512 3621 623 3678 Flenc.
863 3622 896 3691 B,
908 3634 970 3693 pete
1004 3633 1014 3676 t
1031 3623 1058 3676 in
1075 3622 1146 3677 Flor.
1163 3623 1213 3692 DI,
1232 3625 1341 3694 putebat
1363 3623 1391 3676 in
1408 3639 1463 3678 uno
1538 3649 1544 3658 ·

121 3715 124 3720 ·
258 3692 287 3743 ia
303 3691 403 3744 medios
419 3692 517 3762 nostes]
542 3692 671 3746 Veterem
688 3692 827 3746 accusativi
862 3689 896 3746 G.
932 3690 974 3746 cf.
993 3705 1034 3758 ut,
1055 3699 1096 3758 17,
1114 3697 1156 3744 25.
1454 3713 1458 3725 ¹

224 3757 336 3812 sormam
352 3759 435 3813 lorus
452 3767 592 3813 servarunt
608 3759 740 3815 FlenAB
750 3759 824 3818 Leid.
894 3765 952 3826 Μ.
969 3761 1136 3814 manmitibus
1150 3761 1249 3830 yuudr‘o
1267 3761 1394 3815 lcmimis.
1416 3759 1462 3815 sic

224 3826 337 3894 Vosal,
355 3825 447 3880 siletur
462 3825 545 3881 Bern.
562 3830 596 3881 Δ.
860 3843 951 3881 omnes
969 3827 1047 3882 codd
1064 3827 1146 3882 nostri
1167 3836 1196 3881 et
1217 3846 1283 3900 quos
1300 3827 1381 3884 Snslr.
1398 3845 1461 3883 con-

222 3897 282 4016 wg.
299 3901 342 3950 89.
376 3895 431 3966 iis]
455 3893 501 3950 Sic
509 3913 601 3949 omnes
609 3895 695 3950 nostri
707 3903 736 3950 et
745 3893 826 3951 Snnlr.
861 3896 931 3963 tulit,
950 3895 1016 3949 editi
1033 3896 1102 3950 mele
1114 3913 1183 3966 prce
1197 3899 1307 3967 glaudio,
1325 3896 1367 3952 cui
1383 3914 1460 3968 prae-¹

273 3963 314 4030 d,
342 3963 389 4017 sed
405 3971 496 4016 umen
513 3963 584 4018 Flor.
603 3963 642 4017 Bl
659 3966 725 4032 liic,
747 3963 827 4034 uulgo
861 3963 984 4036 positioni
1014 3964 1057 4019 lic
1087 3981 1141 4018 non
1167 3975 1209 4018 est
1240 3965 1315 4019 locus
1340 3981 1399 4019 eam
1424 3965 1460 4019 ob

221 4033 266 4084 iis.
300 4029 369 4085 Mox
386 4034 547 4086 advenerunt
563 4031 628 4084 item
645 4047 736 4086 omnes
751 4049 827 4102 prae·
862 4049 965 4086 oausam
989 4033 1060 4103 quod
1081 4049 1114 4085 ea
1129 4051 1185 4087 non
1202 4033 1272 4086 solet
1288 4035 1358 4105 apud
1375 4034 1460 4088 bonor

223 4105 265 4152 ter
272 4099 345 4154 Flor.
354 4099 407 4154 ΕΗ
424 4099 506 4154 Bern.
515 4099 549 4169 B,
566 4099 613 4172 qul
631 4099 738 4171 quidem
755 4100 826 4170 vulg.
860 4099 1002 4170 scriptores
1018 4101 1069 4154 nisi
1085 4119 1144 4156 cum
1159 4101 1298 4171 negatione
1314 4099 1387 4172 poni,
1405 4109 1459 4156 ac.

222 4177 345 4220 mont
361 4166 487 4222 retinent
860 4168 957 4239 gruum
983 4167 1160 4236 lacrimantur,
1192 4170 1238 4222 ssd
1264 4187 1327 4240 prae
1352 4169 1458 4241 gaudio,

257 4233 321 4307 Cup.
339 4241 383 4304 88,
402 4238 425 4305 5.
440 4243 465 4291 8.
500 4237 711 4315 luoeappetebut.
737 4235 826 4306 Vulgo
859 4253 925 4306 prae
941 4236 1041 4304 dolore,
1059 4235 1132 4319 loqui
1149 4255 1202 4291 non
1218 4255 1363 4309 possumus.
1382 4238 1459 4294 curt.
1531 4289 1535 4297 .

222 4305 375 4382 apparetur,
393 4306 465 4376 qnod
483 4321 539 4360 non
552 4303 826 4386 rnrepiouquoqurm
859 4319 905 4372 ru,
923 4311 955 4387 ²².
973 4313 1041 4360 extr.
1062 4307 1112 4360 alii
1135 4323 1203 4376 pree
1229 4316 1296 4362 metu
1323 4309 1460 4377 imperium

221 4379 827 4512 tultlffll’tltlrtl‘ulu
860 4389 1025 4508 “tlt''tl
1038 4376 1224 4499 {liuidae
1241 4461 1291 4515 pa
1314 4445 1400 4500 aaa
1416 4442 1460 4498 aa
