3260 5042
208 375 234 424 X
718 365 937 420 PRAEFATIO.

209 552 385 627 ctionibus
422 550 674 649 Bongarsianis
708 575 799 648 opus
834 560 912 623 erat
947 550 982 621 in
1018 574 1078 639 ea,
1123 573 1195 645 qua
1229 523 1443 642 fruebamur,

209 691 388 753 certorum
414 680 566 752 fontium
592 673 767 768 ubertate,
793 689 832 751 et
856 677 958 750 facile
984 675 1180 749 verendum
1207 687 1294 765 erat,
1320 701 1366 748 ne
1388 679 1443 750 bis

210 819 334 903 terque
360 806 513 880 eundem
549 806 710 880 codicem
731 830 805 878 ma·
829 806 1028 878 citaremus.
1083 801 1217 876 Eadem
1244 815 1443 893 causaest,

209 959 272 1008 eur
298 933 555 1007 Theocreniani
582 932 712 1036 codicis
746 933 917 1005 lectiones
951 933 987 1005 in
1022 930 1240 1028 marginibus
1268 928 1443 1029 Gryphia-

208 1087 336 1134 narum
371 1058 454 1136 eddi
489 1085 519 1131 a
551 1059 647 1130 1588
681 1067 718 1130 01
747 1061 842 1130 1597
885 1069 1049 1133 enotatas
1084 1069 1121 1131 et
1159 1083 1181 1130 a
1214 1055 1442 1131 Schmiedero

208 1190 342 1288 passim
374 1186 553 1259 adhibitas
586 1169 858 1283 neglexerimus.
911 1184 1018 1258 Liber
1048 1187 1125 1276 ille,
1160 1209 1265 1282 quem
1293 1183 1475 1259 senen·-

208 1325 287 1388 ctus
314 1313 542 1386 Theocrenus
569 1312 696 1401 Italus,
731 1322 943 1409 praeceptor
967 1313 1120 1384 filiorum
1145 1312 1239 1410 regis
1266 1309 1443 1385 Francisci

209 1441 244 1531 Ι,
277 1438 504 1540 possederat,
540 1450 579 1513 et
603 1437 745 1512 Italicus
772 1445 842 1512 est'
855 1449 892 1512 et
918 1463 1010 1512 unus
1036 1463 1084 1512 ex
1104 1438 1285 1520 ,deteriore
1310 1439 1443 1512 familia

208 1568 365 1672 nihilque
403 1568 515 1641 habet
551 1543 750 1664 proprium,
783 1566 894 1664 'quod
920 1566 1165 1640 ¹annotatione
1205 1566 1352 1664 dignum
1386 1566 1442 1639 sit

208 1694 300 1768 Item
325 1693 398 1768 duo
423 1679 528 1768 codd.
557 1690 791 1784 Oxonienses‚
817 1693 909 1766 alter
935 1691 1022 1766 0011.
1050 1691 1156 1792 Gorp.
1183 1691 1324 1782 Christi,
1352 1695 1443 1766 alter

135 1895 136 1898 ,
207 1796 446 1911 Bodleianus}
461 1845 614 1917 quorum
625 1820 774 1892 varians
800 1821 977 1918 scriptura
1003 1832 1174 1918 excerpta
1199 1821 1310 1894 estin
1327 1819 1441 1894 Musei

210 1941 427 2023 Oxoniensis
454 1947 617 2020 litterarii
643 1956 837 2045 conspeetu
864 1944 1028 2022 Oxoniae
1060 1951 1103 2019 1-7
1109 1945 1181 2021 92·
1196 1949 1237 2038 8,
1264 1960 1302 2050 et
1327 1947 1441 2024 deter-

208 2077 289 2150 n'mi
313 2086 400 2150 simt
424 2067 566 2174 g'eneris
592 2085 631 2147 et
653 2075 877 2173 negligenter
901 2075 1029 2148 collati.
1061 2073 1185 2172 Neque
1202 2074 1443 2170 codexmem·

208 2179 691 2277 1110000000101110οο01.Ι
754 2201 1042 2301 Vitebergensis,
1093 2204 1155 2299 qui
1194 2213 1336 2302 praeter
1375 2204 1445 2276 alia

89 2369 94 2383 ·
145 2433 147 2438 Ι
210 2313 398 2430 excerptas
426 2357 445 2404 e
473 2327 644 2404 Curiiana
675 2330 823 2403 historia
857 2331 1038 2404 orationes
1064 2331 1238 2422 continet,
1277 2331 1345 2405 nisi
1369 2331 1442 2404 suis

209 2459 304 2532 vitiis
332 2485 354 2532 a
380 2435 606 2564 deteriorum
623 2467 722 2532 secta
746 2455 896 2531 recedit:
923 2459 1038 2531 euius
1052 2460 1265 2557 scripturam
1290 2485 1314 2531 a
1338 2469 1443 2532 textu

126 2578 131 2592 '
209 2586 336 2685 prioris
363 2586 527 2660 editionis
564 2596 709 2658 nostrae
734 2584 850 2659 Berol.
878 2587 978 2658 1876
1014 2585 1275 2683 discrepantem
1288 2587 1445 2684 collegit

210 2713 423 2786 Wenschius
449 2716 486 2788 in
510 2713 853 2816 Zimmermanniano
879 2713 970 2785 libro
997 2713 1444 2803 menstruo,1‚‚Zeitschrift

208 2843 267 2914 fiir
281 2841 339 2914 die
360 2841 852 2922 Alterthumswissenschast“
875 2867 906 2912 a.
930 2843 1023 2914 1841
1041 2841 1173 2914 mensis
1194 2840 1346 2914 Ianuarii
1360 2869 1441 2940 pag.

211 2971 260 3043 60
286 2994 382 3067 sqq.»
415 2967 658 3042 Parisinorum
681 2969 797 3040 trium
822 2967 995 3056 codicum
1028 2993 1112 3042 mss.
1146 2971 1303 3042 numeris
1333 2972 1442 3062 5716,

211 3101 320 3188 5717,
351 3099 449 3170 5718
477 3097 698 3192 signatorum
724 3096 904 3168 variantes
923 3097 1117 3194 scripturas
1135 3097 1182 3169 ad
1200 3108 1324 3170 vetera
1341 3113 1441 3196 eapp‘.

209 3222 307 3297 701-
334 3222 387 3296 Vl
412 3223 491 3296 libri
525 3224 664 3322 septimi
696 3223 766 3296 iam
799 3225 883 3295 olim
916 3249 939 3296 a
969 3225 1241 3304 familiarissimo
1272 3251 1353 3298 meo
1379 3225 1442 3298 Mi·

210 3351 331 3424 chadle
357 3350 483 3424 Beerio
510 3361 587 3424 tum
614 3350 757 3423 Parisiis
784 3363 1028 3424 commorante
1054 3364 1219 3451 acceptas
1246 3353 1371 3440 habui,
1405 3365 1443 3426 et

209 3478 385 3576 integram
420 3503 544 3552 eorum
571 3479 742 3551 librorum
773 3479 999 3552 collationem
1032 3505 1105 3552 non
1137 3478 1325 3553 difficulter
1356 3482 1442 3553 mihi

209 3613 417 3701 comparare
442 3605 657 3704 potuissem,
691 3608 728 3677 ni
760 3607 846 3679 satis
882 3631 929 3678 ex
963 3607 1024 3679 illa
1049 3607 1166 3705 operis
1181 3609 1368 3704 ‘particula
1394 3610 1442 3681 in-

209 3733 444 3823 tellexissem,
476 3734 563 3805 nihil
597 3733 633 3805 in
668 3734 710 3805 iis
744 3734 841 3805 libris
869 3733 1054 3808 deterioris
1081 3735 1232 3807 sanriliae
1259 3737 1442 3825 contineri,

99 3859 104 3866 “
210 3847 254 3933 (10
280 3886 351 3956 quo
377 3886 450 3933 non
477 3860 620 3934 abunde
652 3886 699 3933 ex
724 3859 752 3933 F
753 3861 1011 3934 lorentinorum
1042 3863 1307 3936 accuratissima
1339 3866 1442 3937 colla·

209 3989 316 4061 tione·
345 3999 541 4061 constaret:
612 3987 683 4062 Sed
727 3989 967 4086 fragmentum
1011 3991 1142 4064 codicis
1182 3992 1442 4065 membranacei

211 4115 502 4190 Darmstadiense
535 4141 555 4189 e
594 4117 673 4189 libri
705 4115 756 4188 lV
783 4141 858 4214 cap.
886 4127 956 4190 vet
985 4120 1007 4189 2
1040 4119 1116 4216 ipse
1151 4120 1298 4191 curiosis
1330 4119 1441 4191 oculis

209 4245 348 4342 inspexi
383 4261 421 4336 et
451 4245 644 4326 varietates
672 4245 868 4341 scripturae
901 4247 1059 4336 enotavi,
1100 4271 1172 4318 non
1208 4248 1283 4319 sine
1318 4246 1441 4320 dolore

210 4382 395 4469 praestans
422 4371 506 4443 olim
533 4373 716 4470 exemplar
741 4382 815 4479 tam
841 4372 946 4444 foede
972 4375 1115 4470 perisse.

311 4497 377 4572 His
403 4499 512 4596 igitur
546 4499 712 4573 subsidiis
746 4499 888 4573 interim
922 4503 1137 4598 comparatis
1176 4529 1257 4576 cum
1291 4503 1442 4576 subinde
