3350 5042
609 339 659 392 nn
686 335 813 394 nnsrrs
839 291 949 394 inex.
976 339 1041 409 vn,
1067 335 1108 386 aa
1400 315 1473 392 329

238 523 344 598 aliam
361 522 457 596 ultra
472 521 606 600 Istrum
628 514 803 599 iacentem
825 525 924 596 colit:
951 523 1078 596 ultima
1096 519 1210 612 Asiae,
1238 547 1329 620 qnae
1345 521 1479 598 Bactra
1514 517 1523 574 ’ἲ

237 645 337 725 sunt,
371 636 523 736 stringit
576 636 754 709 Habitant
784 658 876 730 quae
901 631 1143 731 Septentrioni
1174 634 1341 729 propiora
1371 647 1473 726 aunt;

237 745 435 844 profundae
461 747 546 820 inde
572 747 684 818 silvae
710 757 906 841 vastaeque
933 741 1143 817 solitudines
1170 743 1370 840 excipiunt:
1399 773 1475 818 rur-

236 881 297 930 sus
324 883 416 955 quae
443 869 481 930 et
498 855 648 928 Tanaim
671 867 708 928 et
725 856 856 930 Bactra
883 865 1048 952 spectant
1072 853 1227 927 humano
1254 855 1351 927 cuitu
1378 857 1475 932 haud

203 987 219 1034 a
237 967 394 1067 disparia
418 978 514 1040 sunt
568 965 710 1042 Primus
737 993 817 1040 cum
841 968 909 1041 hac
926 977 1034 1065 gente
1051 988 1124 1038 non
1142 965 1323 1063 provisum
1342 967 1474 1040 bellum

235 1075 444 1152 Alexander
486 1087 672 1176 gesturus,
715 1103 795 1180 cam
835 1080 872 1151 in
913 1087 1109 1176 conspectu
1143 1075 1217 1150 eius
1252 1075 1477 1174 obequitaret

228 1187 360 1279 hostis,
394 1187 513 1263 adhuc
541 1211 649 1288 aeger
675 1213 723 1262 ex
750 1189 913 1278 vulnere,
955 1187 1143 1286 praecipue
1174 1211 1263 1261 voce
1297 1184 1474 1281 deficiens,

236 1323 343 1396 quarn
369 1309 407 1374 et
431 1301 593 1374 modicus
620 1300 721 1373 cibus
748 1309 786 1373 et
811 1299 959 1373 cervicis
991 1297 1211 1373 extenuabat
1228 1294 1358 1389 dolor,
1391 1299 1475 1373 ami·

202 1429 297 1484 coos
323 1411 361 1485 in
386 1412 573 1484 consilium
600 1408 770 1484 advocari
795 1411 903 1485 iubet
952 1409 1128 1484 Terrebat
1145 1433 1226 1482 eum
1250 1433 1324 1483 non
1350 1411 1474 1504 hostis,

235 1521 299 1596 sed
324 1521 492 1618 iniquitas
517 1523 699 1621 temporis.
752 1515 931 1594 Bactriani
952 1521 1169 1596 defecerant:
1195 1518 1351 1620 Scythae
1367 1522 1475 1596 etiam

236 1631 476 1706 lacessebant:
504 1634 581 1732 ipse
607 1659 682 1706 non
707 1635 871 1708 insistere
896 1634 1058 1724 interra,
1083 1659 1157 1706 non
1174 1657 1265 1730 equo
1282 1632 1375 1724 vehi,
1401 1657 1475 1732 non

204 1742 374 1835 rdocere,
399 1768 474 1816 non
497 1743 634 1818 hortari
670 1769 755 1818 suos
789 1753 942 1843 poterat.
995 1743 1150 1843 Ancipiti
1183 1743 1338 1843 periculo
1363 1743 1475 1843 impli-

210 1853 338 1945 citus,
370 1852 462 1929 'deos
486 1879 632 1953 quoque
657 1855 834 1946 incusans,
861 1856 1088 1953 querebatur,
1115 1879 1154 1929 se
1180 1855 1294 1928 iacere
1319 1877 1475 1952 segnem,

235 1965 334 2040 cuius
358 1965 590 2040 velocitatem
615 1991 722 2041 nemo
748 1978 856 2040 antea
884 1967 1059 2042 valuisset
1090 1966 1263 2065 effugere:
1296 1965 1360 2038 vix
1392 1989 1475 2041 suos

192 2103 194 2108 ·
236 2074 382 2151 credere
405 2099 480 2152 non
506 2076 664 2169 amadan
690 2075 942 2152 vaietudinem

234 2395 294 2461 im
309 2373 407 2452 estant,
431 2379 478 2452 qni
494 2397 555 2435 cnm
571 2380 646 2436 illam
663 2397 775 2448 amnem
794 2381 841 2452 qai
874 2381 988 2436 trionem
1005 2389 1036 2435 et
1052 2379 1190 2461 Matidiam
1206 2394 1311 2447 aaran,
1337 2381 1384 2436 ned
1405 2397 1474 2454 qaae

235 2457 305 2503 mter
326 2446 488 2519 Sogdianam
514 2457 544 2503 et
564 2449 601 2504 So
633 2451 726 2504 barum
750 2467 842 2504 noma·
874 2451 924 2504 aab
941 2449 1005 2522 ipris
1021 2447 1243 2521 captentnombaa
1259 2455 1335 2526 aunt,
1353 2464 1385 2504 aa
1400 2458 1476 2506 maa

234 2516 297 2570 dum
311 2524 396 2571 term
413 2516 591 2585 interfluit‚S
620 2537 657 2572 un
670 2517 840 2586 aSirbodie,
874 2525 937 2572 aunt
954 2525 983 2572 et
999 2517 1109 2573 inculta

235 2584 348 2640 ‘l'anairn
364 2593 492 2667 comeant
508 2585 564 2640 aive
580 2586 841 2668 vocatumaceepir-
897 2603 977 2667 'quaa
1000 2597 1024 2640 a
1043 2587 1156 2668 Tanain
1176 2597 1201 2641 ae
1222 2589 1323 2641 Bactra
1345 2589 1474 2668 mactant]

234 2661 303 2721 cant,
321 2669 354 2708 ea
369 2671 466 2722 omma,
510 2671 560 2708 nae
578 2655 612 2709 de
630 2655 716 2708 Tanai
734 2663 842 2708 notiore
875 2654 921 2710 Sao
937 2655 998 2708 edd.
1007 2662 1073 2709 vett
1090 2673 1139 2708 nm
1158 2656 1231 2726 quod
1247 2665 1381 2724 mactant
1398 2654 1476 2710 aobta

235 2721 322 2790 (Dan)
340 2721 447 2790 scirem,
522 2722 597 2804 illum
622 2723 774 2794 longissime
797 2739 842 2804 re-
876 2723 1038 2804 confunone,
1055 2723 1128 2777 cuins
1144 2723 1193 2777 h.l.
1211 2739 1244 2776 ne
1262 2741 1278 2778 o
1297 2723 1353 2805 timi
1389 2723 1476 2778 uidem

234 2859 615 2940 nn
639 2791 842 2931 nene
968 2791 1281 2914 een
1382 2795 1477 2941 aa
1549 2839 1553 2848 ·

233 3063 330 3118 m
365 3063 841 3188 fflffifflfflhttss
874 3064 1388 3189 {imriffiiiiffin'iiss‘vbiii
1404 3065 1477 3187 ‘²⁰²3

270 3141 398 3269 nifniaia
410 3199 498 3255 Plinio
514 3201 690 3270 nathiatsr,
703 3149 792 3269 Hygi
807 3201 840 3256 cf.
876 3174 996 3283 Tanaim·
1013 3232 1062 3243 -,
1100 3211 1184 3255 ectant
1210 3201 1279 3269 adit,
1323 3217 1372 3255 uae
1398 3151 1477 3284 libatio

236 3267 312 3324 curt
325 3283 377 3336 vn,
395 3273 430 3324 88
447 3285 488 3341 pr.
875 3279 918 3324 eat
938 3272 1058 3326 codicum
1103 3269 1149 3324 lor.
1167 3267 1265 3324 DFGL
1302 3219 1375 3332 guae
1400 3279 1425 3323 ct
1449 3285 1478 3324 m

270 3337 398 3391 Habitant
424 3353 492 3418 qma
572 3347 591 3391 t.
615 3339 745 3410 propiora
771 3347 841 3392 rant.
875 3339 956 3393 Bern
971 3340 997 3392 Δ
1014 3339 1085 3392 Flor.
1103 3337 1176 3392 ABG
1194 3339 1297 3393 Vocal
1317 3347 1389 3392 recte
1411 3337 1477 3420 legi·

235 3405 354 3486 verbnm
371 3338 606 3487 tabrmntbibffiaa
621 3405 709 3473 eiecit,
720 3423 842 3488 ‚eumque
876 3415 933 3462 tur:
964 3425 1025 3488 narn
1048 3423 1163 3488 quaequac
1176 3416 1209 3486 'et
1228 3407 1301 3477 quod
1318 3406 1433 3460 traditur
1448 3421 1477 3461 m

235 3481 318 3528 cecati
336 3481 399 3527 nant
415 3481 499 3528 oeten
511 3475 638 3542 aditores,
655 3483 842 3530 continuantes
876 3476 947 3531 Flor.
966 3475 1068 3528 Hermai
1089 3492 1120 3528 ac
1136 3475 1209 3528 Laid.
1227 3491 1285 3528 case
1307 3477 1478 3546 (quamquam

235 3541 358 3596 nimirum
375 3541 521 3596 orationem
539 3561 570 3596 ns
590 3559 624 3596 ue
641 3543 676 3596 ad
693 3551 842 3596 extremum
872 3545 911 3602 ‚de
929 3543 1000 3598 Flor.
1018 3545 1043 3596 Δ
1065 3557 1156 3596 verum
1181 3560 1235 3597 non
1259 3545 1314 3610 cst)
1329 3559 1364 3596 ex
1383 3540 1477 3596 διττο-

234 3611 350 3690 νωτίπιιιιΙ
366 3611 507 3691 exobtant.
542 3559 610 3664 Mibi
627 3619 656 3664 et
673 3611 767 3666 eiicere
783 3627 843 3692 yer-
875 3613 983 3734 γραζίᾳ
1005 3619 1094 3692 ortqm
1114 3609 1231 3676 videtur,
1257 3611 1320 3664 dum
1340 3609 1385 3664 aiii
1463 3627 1478 3665 c

236 3679 299 3732 bum
317 3677 415 3750 ahoan
433 3695 488 3732 non
505 3687 656 3752 suspectum
666 3679 843 3734 damnande·
877 3681 927 3735 acri
946 3687 1009 3746 ant,
1031 3680 1075 3733 ain
1092 3697 1141 3751 qae
1158 3680 1192 3731 ad
1207 3695 1298 3732 rocam
1431 3695 1478 3732 en·

129 3807 135 3820 ,
235 3747 330 3812 batur,
357 3745 490 3819 maluique
513 3749 547 3801 ab
570 3748 715 3802 indecori
733 3745 843 3801 membri
877 3757 932 3803 tem
953 3747 1110 3819 adiungunt.
1144 3747 1248 3801 Raram
1274 3757 1298 3801 et
1320 3696 1396 3800 ibn:
1409 3747 1479 3800 male

235 3813 340 3869 initium
349 3829 451 3885 capere.
486 3815 542 3871 Sed
559 3815 631 3888 quod
647 3816 729 3888 vulgo
746 3815 844 3887 legitur
877 3817 972 3872 omisso
994 3833 1060 3887 quoe
1082 3815 1181 3869 habam
1197 3815 1268 3869 Flor.
1285 3815 1337 3870 ΕΗ
1354 3815 1432 3870 Voce.
1449 3822 1475 3871 2.

285 3883 357 3936 aima
378 3893 441 3937 arnt
461 3882 489 3937 in
506 3883 580 3938 nullo
597 3883 687 3938 codice
704 3891 760 3952 ent,
783 3901 844 3937 nam
878 3884 1005 3941 Ceterum
1026 3886 1138 3938 Tanaim
1154 3883 1283 3954 expressis
1305 3881 1401 3938 litteris
1417 3882 1478 3938 libri

233 3900 329 4005 biom
339 3952 451 4022 propin
483 3961 514 4006 at
531 3952 647 4005 BernA
665 3951 843 4008 mornaco
878 3953 961 4008 nostri
971 3952 1164 4024 praeteritam.
1174 3953 1207 4018 Δ,
1217 3951 1354 4022 inquomt
1364 3953 1477 4006 Tanain

235 4019 325 4088 leid.)
346 4027 394 4073 aut
452 4023 526 4091 aprio
549 4022 689 4092 (propriae
721 4022 843 4101 propria²
913 4024 1027 4076 bernano
1044 4021 1124 4088 caua]
1146 4020 1224 4074 Gutta
1240 4037 1289 4092 pro
1303 4035 1336 4075 eo
1349 4020 1420 4091 quod
1436 4027 1479 4074 eat

237 4103 305 4141 unas
321 4086 402 4141 etiam
414 4038 491 4143 iior.
506 4087 531 4142 G
544 4105 639 4170 prope.
735 4089 776 4143 hia
792 4089 843 4142 secr
877 4092 973 4144 muni.-
1002 4106 1049 4144 aaa
1076 4097 1165 4160 partes
1190 4095 1323 4158 aspectam
1352 4088 1479 4170 praebent

256 4156 843 4236 raptora‚qaodetipsumrncodioe'1'hcoer.
877 4175 1001 4212 arvorum
1018 4173 1195 4228 agrorumque
1211 4160 1245 4210 ab
1261 4155 1409 4210 hominibus
1422 4157 1478 4211 cul·

232 4175 345 4294 iegitur,
371 4231 400 4277 et
424 4241 491 4294 qraae
514 4227 692 4295 septentrioni
713 4225 842 4346 prfftora
876 4235 982 4282 tanam:
1013 4225 1140 4296 intelligit
1165 4241 1275 4296 regnum
1300 4225 1373 4297 quod
1399 4224 1478 4280 hodia

236 4301 312 4372 arnt,
338 4291 377 4346 nic
393 4291 448 4347 fere
465 4292 517 4347 dici
535 4302 614 4365 puto,
643 4303 677 4348 ut
691 4311 744 4366 quo
781 4310 843 4346 mox
877 4312 911 4367 ap
944 4295 1026 4349 ilatnr
1043 4295 1204 4348 Faactkand.

237 4367 356 4440 sequitur
379 4379 445 4434 qaae
466 4362 579 4415 Tanaim
597 4381 609 4416 a
630 4372 723 4416 ectcnt.
759 4360 843 4414 Habi·
911 4313 977 4433 get.
1014 4363 1121 4415 Primae
1142 4379 1199 4415 caan
1221 4365 1270 4415 tac
1293 4363 1379 4434 qanta]
1415 4361 1479 4416 Pri·

236 4435 311 4482 tatur
328 4426 410 4500 igitar
418 4428 578 4501 Scytharum
685 4437 714 4485 et
726 4429 842 4504 Septen·
876 4449 946 4486 mnm
963 4431 1035 4487 Flor.
1053 4429 1156 4486 caefi
1171 4431 1251 4485 Bern.
1267 4431 1292 4485 B
1310 4433 1384 4485 Vana
1401 4436 1427 4485 2.
