3324 5054
456 361 460 368 ⁴
558 335 608 386 nu
636 333 764 388 ossus
790 336 900 392 anax.
928 337 978 408 1v,
1005 334 1030 384 s.
1378 319 1426 387 73

184 513 374 588 moenibus
402 517 574 615 applicari
599 509 785 616 poterant:
816 539 988 612 praeceps
1013 517 1051 588 in
1078 519 1193 590 salum
1218 545 1341 592 murus
1369 543 1427 618 pe·

185 623 309 700 destre
347 627 589 731 interceperat
627 625 712 696 iter:
752 648 864 698 naves
903 649 971 700 neo
1008 624 1166 699 habebat
1203 651 1286 716 rex,
1318 641 1371 720 et,
1397 631 1428 702 si
1546 695 1551 708 ‚

99 779 104 790 ·
185 735 420 826 admovisset,
434 735 634 832 pendentes
647 745 686 808 et
697 733 882 810 instabiles
896 737 1086 810 missilibus
1113 736 1224 809 areeri
1249 748 1427 834 poterant.

136 857 168 906 1⁰
289 847 390 920 Inter
422 867 516 940 quae
549 869 665 941 parva
689 844 788 920 dictu
814 871 872 920 res
899 846 1090 944 Tyriorum
1114 847 1282 920 fiduciam
1306 871 1428 920 aoeen-

184 957 249 1030 dit
303 953 653 1052 Carthaginiensium
678 956 788 1054 legati
814 955 862 1026 ad
887 955 1139 1028 celebrandum
1165 979 1306 1028 ssorum
1331 957 1428 1028 anni·

184 1065 387 1140 versarium
412 1090 513 1139 more
540 1068 658 1164 patrio
684 1077 772 1138 tuno
798 1076 990 1138 venerant:
1017 1067 1148 1164 quippe
1174 1061 1429 1162 Carthaginem

134 1193 165 1240 11
184 1175 287 1274 Tyrii
319 1174 576 1264 condiderrmt,
611 1199 755 1273 semper
785 1187 978 1273 parentum
1009 1177 1089 1248 loco
1128 1177 1222 1249 orsiti
1280 1174 1428 1248 Hortari

184 1309 274 1384 ergo
299 1283 415 1359 Poeni
440 1295 654 1381 coeperunt,
689 1295 731 1358 ut
763 1284 987 1358 obsidionem
1011 1286 1096 1358 forti
1121 1286 1240 1358 auimo
1265 1297 1428 1384 pateren-

185 1405 263 1486 tur;
289 1395 393 1470 brevi
420 1393 639 1492 Carthagine
664 1396 800 1468 auxilia
824 1407 987 1468 ventura.
1038 1394 1201 1493 Namque
1227 1421 1270 1468 ea
1294 1407 1428 1493 tempe·

184 1517 283 1580 state
307 1529 441 1601 magua
467 1529 514 1576 ex
539 1515 643 1602 parte
661 1504 806 1579 Punicis
833 1507 1005 1580 classibus
1030 1507 1144 1580 maria
1161 1505 1427 1580 obsidebantur.

133 1629 166 1678 1²
198 1696 200 1698 ,
289 1613 405 1712 Igitur
439 1613 535 1687 bello
572 1613 735 1706 decreto,
775 1640 841 1713 per
871 1641 993 1691 muros
1026 1628 1214 1714 turresque
1248 1619 1477 1689 tormentati

184 1725 394 1823 disponunt,
422 1749 524 1798 arma
547 1725 745 1800 iunioribus
773 1725 949 1819 dividunt,
976 1727 1301 1826 opifioes„quorum
1327 1725 1430 1824 eopia

183 1834 281 1908 urbs·
300 1834 530 1924 abundabat,
567 1836 606 1908 in
632 1835 793 1910 officinas
820 1835 1049 1911 distribuunt
1103 1834 1234 1911 Omnia
1258 1836 1343 1910 belli
1369 1861 1428 1933 ap·

183 1957 321 2044 paratu,
349 1955 533 2042 strepunt:
572 1945 711 2019 ferreae
743 1969 887 2043 quoque
912 1973 1056 2038 manus,
1088 1946 1341 2047 (Harpagonas
1367 1971 1429 2018 vo·
1505 1968 1514 1982 ·

184 2055 298 2151 eant)
330 2079 421 2152 quas
461 2055 632 2152 operibus
664 2055 823 2130 hostium
854 2057 1054 2148 iniicerent,
1093 2058 1261 2153 corvique
1291 2067 1330 2130 et
1359 2056 1429 2130 alia

133 2171 165 2218 ¹⁸
184 2163 331 2238 tuendis
364 2164 515 2238 urbibus
549 2167 754 2264 excogitata
786 2167 1103 2264 praeparabantur.
1155 2164 1228 2242 Sed
1254 2193 1335 2240 cum
1359 2167 1429 2238 for·

183 2274 337 2348 nasibus
368 2275 521 2365 ferrum,
556 2275 655 2373 quod
686 2276 817 2380 mnudi
849 2278 1058 2374 oportebat,
1092 2278 1298 2376 impositum
1324 2285 1430 2364 esset,

184 2383 417 2482 admotisque
441 2385 586 2458 follibus
613 2387 733 2484 ignem
759 2386 850 2459 flatu
876 2389 1133 2476 accenderent,
1157 2387 1349 2486 sanguinis.
1364 2385 1432 2484 rivi

185 2494 257 2566 sub
283 2496 371 2592 ipsis
397 2496 550 2569 flammis
577 2498 743 2570 extitisse
769 2497 952 2570 dicuntur:
990 2496 1098 2593 idque
1124 2521 1229 2570 omen
1254 2498 1291 2570 in
1317 2493 1432 2568 Maee-

63 2653 70 2660 .
135 2623 168 2670 rs
186 2602 327 2678 donum
360 2615 499 2678 metum
531 2617 721 2680 verterunt
745 2605 855 2706 Tyrii
907 2605 1018 2704 Apud
1044 2605 1259 2680 Macedonas
1291 2631 1433 2703 quoque

186 2739 272 2788 oum
310 2717 405 2789 sorte
443 2741 575 2814 panem
614 2716 761 2816 quidam
798 2717 952 2788 militum
990 2717 1214 2816 frangerent,
1254 2717 1432 2790 manantis

187 2825 378 2923 sanguinis
403 2837 528 2924 guttas
561 2837 792 2902 notaverunt
845 2825 1058 2922 Territaque
1083 2852 1184 2925 rege,
1209 2824 1433 2914 Anstander,
1526 2833 1533 2850 '

186 2935 429 3034 peritissimus
457 2947 599 3026 vatum,
626 2937 657 3008 si
683 2935 907 3010 extrinsecus
934 2961 1040 3010 eruor
1065 2937 1244 3026 fluxisset,
1270 2933 1433 3008 Macedo·
1473 3009 1475 3016 ,

185 3043 298 3117 nibus
322 3043 362 3117 id
386 3046 492 3118 triste
516 3046 688 3136 futurum,
708 3047 775 3118 ait:
802 3056 937 3136 eontra,
958 3071 1039 3130 cum
1065 3047 1112 3119 ab
1136 3046 1305 3119 interiore
1331 3054 1434 3142 parte
1471 3025 1476 3114 i

227 3264 413 3326 storacium
421 3263 646 3333 anniversarias]
662 3261 801 3316 Hooiusto
835 3279 884 3333 pro
905 3262 1134 3383 vulgffanqeret
1155 3262 1275 3316 omnibus
1296 3259 1370 3340 libris
1387 3277 1435 3314 uo·

187 3329 334 3383 meorum
350 3329 445 3390 ordine
461 3329 539 3384 Voss.
558 3338 571 3383 1
591 3331 672 3385 Bern
684 3333 712 3384 A
728 3329 800 3384 Flor.
834 3330 958 3384 strisetS
1012 3329 1132 3400 enburgii
1142 3329 1291 3383 iubentibus
1299 3329 1383 3394 edrdq
1393 3345 1435 3380 re-

187 3395 345 3450 ABDFGI.
834 3399 948 3469 spondet
957 3407 1029 3452 oerte
1039 3397 1131 3452 melius
1144 3397 1265 3468 sequenti
1274 3407 1435 3451 notaverant.

227 3463 294 3535 esp.
312 3472 338 3532 9,
357 3467 380 3534 ξ.
399 3471 441 3519 12.
463 3465 567 3534 opifices
580 3467 799 3536 -distribaaatJ
870 3467 1059 3520 Macedonibus
1086 3468 1117 3519 td
1140 3468 1214 3519 triste
1234 3469 1360 3537 satam
1384 3466 1434 3532 ait]

187 3532 284 3603 Vulgo
296 3534 523 3606 opficesqae,quo
555 3534 562 3546 '
620 3533 801 3587 additamento
835 3532 881 3588 sie
897 3535 992 3589 omisso
1009 3535 1090 3588 verbo
1106 3536 1248 3603 respondit,
1266 3534 1339 3604 qnod
1355 3531 1436 3602 vulgo

188 3601 228 3654 sd
259 3617 342 3654 urium
376 3619 469 3682 omnes
503 3551 612 3656 eddim
620 3610 714 3655 arent
750 3599 801 3655 nisi
834 3602 1035 3682 augurisverbis
1091 3601 1230 3668 emittitur,
1244 3600 1436 3682 sieqtuomnium

189 3669 264 3723 forte
278 3667 337 3722 Pa
355 3685 479 3740 exerprss.
836 3669 961 3724 hbrorum
970 3689 1029 3724 mss.
1057 3671 1103 3724 des
1112 3669 1237 3742 postulat,
1252 3669 1437 3723 edrdr.Atdins

226 3738 409 3816 tarpayonas)
434 3741 594 3808 Aspayonas
612 3753 703 3791 omues
724 3737 801 3791 eodd.
836 3737 917 3793 lectio
931 3747 960 3792 et
974 3741 1107 3808 respondit
1123 3747 1153 3792 et
1169 3741 1208 3791 ait
1225 3738 1320 3792 babet:
1337 3736 1436 3790 oblitus

188 3811 291 3858 nostm
314 3821 443 3874 agnosoes
455 3806 630 3861 resentiomm
639 3803 801 3860 Gmeoonsm
836 3806 942 3860 videtur
956 3823 1012 3860 esse
1021 3815 1154 3860 corrector
1166 3806 1323 3860 alterutrum
1334 3804 1436 3858 tollere.

189 3872 288 3925 vitiam
304 3873 446 3926 omittendi
463 3873 571 3944 spiritus
589 3874 694 3956 asper-iq
715 3873 737 3927 is
759 3882 802 3927 te·
836 3873 984 3928 Infaustrun
1000 3891 1063 3928 sane
1075 3874 1190 3945 eleganti
1199 3873 1321 3945 scriptori
1330 3872 1435 3938 accidit,

190 3940 656 4080 matwbitffidtti
672 3943 794 4064 'tin
836 3942 1159 4065 uramara
1176 3941 1436 4063 apffltt‘h

190 4091 284 4130 manes
300 4087 408 4147 praeter
430 4076 486 4132 GH
507 4051 648 4143 inicerent,
672 4077 754 4131 Beru.
776 4078 801 4131 B
837 4079 937 4149 opinati
964 4097 1011 4132 nra
1032 4028 1181 4132 commenti
1197 4096 1246 4148 pro
1264 4077 1332 4132 illius
1349 4076 1436 4130 verbis

190 4145 365 4198 macerem.
838 4147 1013 4201 venditarent.
1048 4146 1102 4201 Sed
1128 4164 1190 4199 mox
1211 4149 1355 4199 manaverit
1373 4161 1436 4198 vera

227 4215 252 4281 5.
272 4220 305 4266 1⁴
322 4216 398 4282 npad
413 4215 591 4283 Macedonas]
609 4213 733 4268 latinam
755 4231 802 4267 no·
836 4215 986 4270 emendatio
1019 4215 1145 4286 principis
1180 4213 1288 4268 editoris
1321 4214 1435 4280 videtur,

191 4280 271 4334 niuis
288 4281 399 4334 seruum
420 4283 711 4336 Macedonesenostris
728 4281 802 4336 libris
836 4301 915 4353 quem
944 4283 1111 4354 insequentes
1142 4300 1231 4336 omnes
1254 4282 1434 4336 retinuerunt:

190 4349 242 4402 soii
259 4348 332 4403 Flos.
351 4349 403 4404 CH
420 4351 501 4404 Rern.
512 4352 537 4404 B
554 4352 694 4422 praebent,
712 4351 744 4405 af.
762 4349 803 4403 in·
836 4369 896 4405 mss.
918 4351 1024 4430 quidem
1046 4362 1206 4406 manaverat.
1241 4350 1362 4426 Denique
1385 4365 1435 4418 pro

190 4415 234 4470 fn
249 4417 286 4470 sd
301 4434 325 4472 r.
342 4424 387 4486 2³,
407 4425 447 4475 15.
476 4418 563 4474 Paulo
571 4427 632 4491 post
639 4422 802 4490 sranyereat
837 4419 933 4490 plurali
950 4437 1058 4474 numero
1075 4423 1250 4475 sansonem
1267 4417 1372 4488 plunmi
1389 4435 1434 4472 eo·
