3260 5042
564 353 613 402 nn
642 353 769 406 unsr1s
797 353 906 405 atax.
933 355 984 424 m,
1012 353 1058 406 so.
1372 341 1418 408 51

136 553 335 630 spremam
366 533 507 627 horam,-
539 537 737 632 missosque
769 536 830 630 qui
861 534 1067 609 occiderent
1098 549 1231 635 captas.
1283 539 1419 638 ltaque,

170 653 216 714 ut
247 667 339 739 quae
357 689 359 692 -
378 671 446 720 nee
481 646 671 744 prohibere
705 654 872 740 possent,
907 668 973 717 nec
1005 643 1196 720 admittere
1235 651 1419 743 auderent,

169 755 272 828 nullo
297 781 474 854 responso
501 754 587 825 dato
613 754 742 827 tacitae
768 756 1047 854 opperiebantur
1066 755 1210 832 victoris
1224 760 1419 834 arbitrium.

118 875 151 922 ¹⁰
169 862 391 954 Leonnatus,
418 873 610 960 expectato
637 863 698 938 diu
724 866 785 962 qui
811 891 850 940 se
876 867 1130 959 introduceret,
1157 883 1420 969 postquamne·

167 1001 232 1049 mo
259 973 454 1073 procedere
483 973 649 1066 audebat,
675 977 807 1049 relictis
833 977 870 1048 in
896 977 1075 1049 vestibulo
1111 981 1333 1072 satellitibus
1369 985 1420 1055 in·

168 1095 248 1157 trat
272 1085 310 1156 in
336 1085 617 1159 tabernaculum.
657 1085 711 1157 Ea
736 1086 815 1184 ipsa
840 1111 898 1160 res
911 1087 1124 1162 turbaverat
1136 1090 1295 1184 feminas,
1323 1093 1420 1188 quod

118 1211 147 1258 11
167 1196 359 1294 irrupisse,
389 1222 472 1270 non
499 1195 687 1286 admissus,
713 1194 914 1272 videbatur.
967 1197 1093 1295 Itaque
1119 1214 1235 1275 mater
1268 1213 1305 1274 et
1337 1227 1419 1276 con-

167 1305 262 1378 iunx
287 1307 501 1406 provolutae
527 1304 574 1379 ad
605 1305 726 1404 pedes,
750 1333 856 1382 orare
890 1318 1098 1405 coeperunt,
1129 1321 1180 1401 ut,
1211 1314 1420 1410 priusquam

166 1417 467 1506 interficerentur,
493 1415 603 1491 Darei
628 1441 758 1517 corpus
783 1418 870 1516 ipsis
895 1418 1012 1515 patrio
1038 1443 1139 1494 more
1164 1423 1314 1520 sepelire
1340 1447 1419 1519 per-

166 1531 349 1602 mitteret:
388 1527 531 1602 functas
569 1553 737 1627 supremo
768 1529 806 1601 in
844 1553 968 1628 regem
1006 1529 1123 1604 officio
1154 1530 1304 1629 impigre
1338 1557 1418 1606 sese

118 1656 148 1704 12
168 1641 374 1714 morituras.
428 1637 646 1731 leonnatus,
673 1649 711 1714 et
735 1639 859 1713 vivere
884 1637 1053 1731 Dareum,
1081 1651 1119 1716 et
1145 1640 1241 1740 ipsas
1269 1669 1341 1714 non
1367 1643 1418 1716 in-

168 1747 331 1824 columes
357 1751 478 1843 modo,
514 1751 579 1826 sed
605 1751 713 1824 etiam
739 1760 915 1848 apparatu
940 1751 1112 1848 pristinae
1137 1753 1303 1827 fortunae
1328 1754 1418 1864 regi·
1531 1745 1532 1750 ¹

167 1885 240 1934 nas
263 1861 351 1935 fore.
404 1859 499 1934 Turn
524 1861 669 1936 demum
693 1860 804 1935 Darei
828 1871 945 1934 mater
968 1862 1116 1936 allevari
1148 1887 1186 1936 se
1218 1867 1326 1961 passa
1351 1874 1417 1938 est

118 1991 149 2041 rs
276 1971 488 2046 Alexander
532 1982 678 2071 postero
715 1972 774 2046 die
804 1996 888 2046 cum
924 1996 1011 2044 cura
1048 1971 1197 2069 sepultis
1236 1972 1479 2064 militibuser

168 2105 327 2179 quorum
361 2107 515 2180 corpore
542 2084 749 2173 invenerat,
785 2081 979 2158 Persarum
1016 2105 1159 2179 quoque
1189 2083 1417 2156 nobilissimis

169 2191 329 2266 eundem
367 2193 543 2268 honorem
581 2194 707 2269 haberi
743 2193 854 2286 iubet,
892 2193 1070 2290 matrique
1099 2191 1210 2268 Darei
1247 2185 1418 2291 permitti,

207 2446 233 2523 §5
257 2450 282 2498 9.
317 2445 415 2525 tacitae
432 2445 645 2526 opperiebamur]
663 2444 735 2500 Flor.
753 2447 779 2498 Δ
813 2449 930 2514 crepent.
949 2441 1020 2496 Flor.
1037 2442 1117 2524 Atili
1133 2443 1249 2497 Ber-md
1268 2447 1340 2512 (cum
1348 2461 1415 2498 corr.

167 2521 371 2648 biff’niid
387 2513 778 2636 littttttttsst‘f‘AE
812 2511 1321 2633 ffi‘tttttst‘tttttt
1341 2511 1416 2633 itt
1509 2623 1513 2630 .

207 2651 233 2716 §.
253 2653 294 2727 ¹.⁰·
329 2651 376 2718 qui
392 2667 422 2702 re
440 2599 696 2770 inirdduceretEQSio
717 2649 778 2704 libri
793 2705 795 2708 ,
811 2599 963 2719 prorsnsirt
979 2619 1115 2727 edidimui.
1138 2647 1254 2701 Videtur
1262 2647 1345 2719 igitur
1353 2648 1416 2702 olim

169 2715 269 2789 optirm
285 2715 367 2770 Bem.
385 2717 412 2770 A
428 2717 501 2772 Flor.
514 2716 593 2770 ABG
649 2717 682 2770 'd.
699 2719 778 2772 Voss.
812 2715 939 2786 scriptum
957 2715 1037 2768 scisse
1053 2733 1188 2786 myrepro
1206 2717 1325 2786 impiqre,
1343 2717 1416 2788 quod

171 2783 302 2852 1,cete1·i
319 2791 348 2838 et
365 2784 486 2856 plerique
503 2784 606 2856 vulgati
622 2787 777 2840 intromitte·
812 2781 911 2838 librarii
938 2792 986 2836 aut
1012 2801 1071 2837 cunr
1093 2783 1213 2854 sequenti
1236 2783 1330 2837 vocula
1352 2801 1416 2838 con·

167 2863 227 2918 ret.¹
264 2851 329 2932 Non
347 2861 446 2934 ⁸potest
471 2861 560 2934 sptem
585 2854 694 2934 dubium
719 2870 777 2908 esre
811 2850 956 2932 iuuerunt
981 2860 1029 2905 aut
1054 2861 1128 2906 recte
1158 2851 1343 2924 explicuerunt
1367 2859 1417 2907 aut

167 2921 776 3069 ifflgffibdmffifflmmffbobbb
811 2919 1013 3068 mffimidib
1027 2990 1127 3040 donum
1145 2988 1232 3041 Darei
1248 2990 1342 3059 mater]
1369 2987 1415 3068 Sic

167 3065 200 3112 et
217 3062 276 3110 noti
293 3073 352 3128 rpn.
445 3087 450 3092 ·
811 3055 875 3109 edit.
892 3055 1019 3110 Modiana
1035 3063 1065 3109 et
1081 3055 1152 3110 Flor.
1166 3054 1290 3124 ABFGI,
1308 3073 1369 3112 cum
1385 3073 1414 3110 ur

167 3135 345 3246 W
363 3141 454 3245 dim
484 3128 627 3206 mm
649 3127 775 3248 Ἣ
811 3123 882 3246 ili
902 3123 1172 3245 ‘tt‘ttttttt
1194 3127 1415 3246 ‘iilb'fflmi
1487 3135 1491 3140 ’

305 3203 674 3263 eqemexcomectura
757 3213 777 3248 n
866 3209 901 3262 go
1173 3231 1181 3258 ,
1285 3211 1400 3246 orme

167 3260 336 3398 aliorprnpque
351 3269 414 3332 post
431 3277 492 3314 eum
509 3261 619 3333 legitur:
638 3262 697 3316 libri
715 3281 775 3316 mss.
812 3269 851 3313 ter
876 3260 957 3312 etiam
983 3260 1010 3312 in
1027 3260 1109 3313 Bern.
1136 3269 1249 3330 utroque
1270 3260 1342 3314 Flor.
1359 3261 1414 3316 ΕΗ

168 3338 220 3381 eut
304 3331 775 3401 uceraautperducereOElorAEHI)
810 3338 861 3394 est,
879 3339 933 3382 tum
952 3331 1052 3381 delirum
1070 3339 1154 3382 mater
1176 3327 1232 3382 siue
1249 3329 1368 3398 genitivo
1385 3329 1415 3384 in

167 3405 219 3450 aut
235 3397 317 3450 etiam
335 3399 500 3452 introducere
514 3399 603 3468 (Voss.
618 3403 648 3468 2)
661 3399 775 3466 bubent3
810 3397 881 3450 Flor.
899 3396 936 3462 D,
963 3403 1001 3448 et,
1018 3395 1151 3450 Snukenb.
1178 3413 1212 3449 ex
1237 3397 1290 3450 suis
1316 3398 1414 3452 codici-

167 3483 233 3519 nam
251 3465 481 3520 Tbeomenianum
497 3467 562 3520 illud
584 3466 669 3538 ipsum
683 3485 775 3536 proce-
810 3466 859 3519 bus
877 3464 941 3518 nibil
959 3464 1008 3516 nisi
1025 3475 1078 3518 tum
1096 3468 1199 3518 demoni
1215 3482 1272 3518 esse
1293 3465 1321 3519 in
1339 3465 1413 3519 Leid.

166 3537 233 3587 dere
249 3543 386 3604 praestare
404 3552 459 3588 non
475 3535 564 3616 magni
578 3535 698 3602 aestimo,
716 3551 775 3589 cum
810 3533 886 3588 Voss
907 3541 919 3586 l
940 3533 1051 3586 notavit.
1078 3533 1150 3586 Eant
1167 3533 1250 3603 igitur
1266 3543 1295 3587 et
1312 3534 1414 3588 ratiun-

166 3601 240 3655 liber
257 3602 308 3656 iste
325 3619 360 3655 ex
377 3602 409 3656 iis
426 3603 462 3656 sit
485 3621 531 3675 qur
547 3603 710 3674 apertissime
727 3605 775 3657 do-
810 3601 882 3656 culus
908 3609 1038 3672 quaerant
1067 3619 1115 3655 cur
1146 3601 1291 3656 necessario
1317 3603 1414 3656 debeat

167 3677 277 3724 storum
293 3669 357 3724 olim
382 3671 519 3724 hominum
536 3673 711 3725 correctiones
727 3688 775 3726 ex·
810 3686 868 3724 esse
884 3681 968 3723 muter
985 3671 1076 3736 Darii,
1096 3671 1168 3740 quod
1204 3678 1282 3723 utent
1299 3688 1342 3724 me
1350 3688 1414 3725 con-

167 3739 242 3810 perti
258 3739 321 3792 sint.
339 3738 435 3810 Neque
453 3748 543 3793 tamen
559 3739 681 3812 equidem
698 3741 774 3794 dubi·
810 3747 854 3792 tra
870 3737 951 3792 libros
968 3755 1028 3790 mss.
1046 3748 1168 3791 mutasse.
1218 3755 1233 3790 e
1250 3738 1356 3809 quidem
1374 3739 1414 3819 pi-

167 3813 201 3860 to
219 3807 284 3877 quin
301 3815 381 3860 recte
424 3812 530 3862 medere
547 3809 713 3862 emendatum
730 3809 775 3877 sit,
811 3816 858 3878 get
883 3805 923 3860 his
949 3804 1097 3875 elegantiae
1127 3805 1235 3860 arbitris
1260 3806 1414 3878 diligentiae

167 3874 259 3930 solent
284 3873 356 3928 enim
468 3878 551 3931 verba
569 3876 644 3930 inter
660 3893 689 3931 se
705 3895 775 3932 com·
810 3881 918 3930 nostrae
934 3873 1159 3928 obtrectatoribus
1177 3876 1344 3946 respondere.

167 3943 269 3998 mutari
286 3944 533 4066 ”widdqffim
555 3945 643 4066 rpptius
665 3945 775 4000 inveniri
845 3952 910 4022 Cap.
929 3959 971 4006 ³1.
990 3954 1013 4018 ξ.
1031 3958 1070 4005 13.
1112 3961 1196 4003 ostero
1214 3954 1257 4004 die
1275 3969 1364 4006 omnes
1382 3953 1415 4007 li·

225 4080 232 4092 Ι
306 4016 319 4080 (
368 4021 495 4086 trquroree
528 4015 588 4066 ed.
624 4031 707 4084 usque
741 4015 776 4068 ad
810 4020 852 4074 bri
868 4037 929 4072 mss.
947 4018 1031 4072 nostri
1048 4027 1077 4071 et
1089 3969 1187 4072 brian:
1221 4019 1303 4090 vulgo
1321 4032 1414 4102 poste-

264 4080 290 4133 b.
303 4079 384 4153 vulgo
369 4085 509 4204 e(predia
526 4081 680 4153 hebebant.)
701 4083 775 4137 Post·
810 4107 851 4142 ru.
884 4087 1043 4142 Constantia
1061 4087 1167 4157 quidem
1184 4105 1238 4142 non
1255 4097 1346 4143 estur
1363 4091 1414 4145 bne

168 4167 250 4218 quam
272 4150 356 4220 qnod¹
413 4151 441 4204 dr
467 4169 516 4222 pro
537 4161 709 4220 posteaquam
735 4151 775 4205 sa-
808 4173 847 4225 re,
873 4155 896 4210 si
922 4155 1029 4226 quidem
1051 4166 1158 4225 postera
1185 4159 1228 4210 die
1253 4158 1414 4212 servavimus

166 4227 242 4271 etum
259 4225 302 4271 est
319 4233 353 4270 ex
371 4219 488 4274 omnium
513 4221 588 4274 codd
606 4218 773 4274 auctoritate.
809 4241 852 4293 rv,
871 4233 913 4293 14,
934 4233 964 4279 13
983 4233 1012 4277 et
1029 4223 1193 4278 restituimus
1210 4240 1252 4293 rv,
1271 4233 1314 4294 24,
1333 4233 1367 4281 20
1384 4235 1414 4280 et

203 4297 228 4364 §-
247 4301 288 4348 11.
315 4297 326 4348 i
373 4297 428 4375 'pre
450 4312 507 4350 sese
528 4297 682 4366 morituros]
709 4295 774 4350 Edi-
808 4308 838 4360 x,
857 4301 900 4360 25,
919 4299 944 4358 5,
963 4301 1056 4347 contra
1069 4304 1174 4372 postero
1193 4295 1236 4347 die
1258 4303 1286 4347 et
1304 4294 1414 4348 retinui·

166 4369 226 4416 tum
243 4372 286 4417 ost
307 4379 324 4416 a
372 4363 489 4416 rudelino
506 4364 623 4435 Spirensi
647 4383 674 4417 se
696 4367 732 4417 im
751 4367 774 4418 i·
808 4380 866 4415 mus
884 4362 962 4432 louge
980 4361 1098 4434 plurimrs
1120 4361 1184 4415 locis
1202 4372 1230 4416 et
1252 4363 1415 4418 restituimus

165 4448 216 4500 pre
232 4435 394 4500 moriturus:
417 4432 476 4486 libri
503 4451 563 4487 mss.
590 4433 703 4486 multum
740 4433 746 4446 '
809 4437 974 4500 v1,48,27.

1173 4516 1210 4570 ⁴0
