3324 5054
202 293 249 364 92
408 294 411 304 '
670 306 704 370 Q·
732 308 857 360 cunrn
882 309 968 362 nun

200 487 370 562 Graeciae
404 499 526 588 gestas
562 517 730 568 coronam
765 517 911 567 auream
939 492 1074 566 donum
1102 496 1274 569 victoriae
1301 499 1443 572 ferrent

199 595 312 668 Iidem
346 600 454 694 paulo
492 613 575 677 ante
610 605 766 679 incertae
797 606 914 676 famae
953 615 1191 700 captaverant
1224 631 1367 698 auram,
1404 621 1447 682 ut
1466 636 1499 682 12

199 731 411 806 quocunque
444 713 642 814 pendentes
676 717 812 786 animos
841 713 984 783 tulisset
1010 712 1170 800 fortuna,
1199 730 1444 809 sequerentur.

148 819 195 889 23
302 817 470 895 Ceterum
503 849 575 894 non
607 825 683 918 ipse
718 820 826 892 modo
851 844 919 891 rex
946 821 1072 893 obibat
1098 823 1222 910 urbes,
1249 823 1367 896 adhuc
1392 829 1443 899 iu·
1465 858 1499 904 rs

196 955 283 1030 gum
309 932 445 1028 imperii
471 941 687 1019 recusantes,
701 929 765 1002 sed
792 941 977 1027 praetores
1005 957 1147 1029 quoque
1173 935 1297 1031 ipsius,
1309 938 1443 1034 egregii

196 1041 322 1130 duces,
357 1041 526 1137 pleraque
557 1040 772 1112 invaserant
827 1039 932 1113 Calas
959 1040 1261 1140 Paphlagoniam,
1293 1045 1443 1146 Antigo-

195 1177 262 1224 nus
289 1150 524 1248 Lycaoniam,
551 1147 730 1243 Balacrus,
755 1150 930 1252 Hydarne
948 1149 1057 1224 Darei
1074 1165 1240 1250 praetore
1261 1169 1442 1254 superata,

195 1259 358 1332 Miletum
389 1259 501 1359 cepit:
542 1261 784 1360 Amphoterus
819 1274 857 1337 et
888 1261 1117 1360 Hegelochus
1154 1273 1300 1336 centum
1335 1291 1494 1344 saxa-14

194 1369 296 1466 ginta
321 1372 467 1445 navium
494 1373 607 1446 classe
634 1373 767 1446 insulas
793 1375 888 1447 inter
913 1374 1089 1446 Achaiam
1116 1385 1225 1470 atque
1251 1373 1376 1447 Asiam
1403 1379 1441 1450 in

195 1479 371 1554 dicionem
404 1482 603 1556 Alexandri
639 1485 863 1582 redegerunt.
926 1482 1074 1556 Tenedo
1110 1511 1252 1581 quoque
1285 1497 1440 1586 recepta,
1481 1501 1485 1508 '

197 1588 341 1682 Chium,
368 1593 492 1666 incolis
528 1596 623 1665 ultro
650 1594 881 1684 vocantibus,
917 1604 1122 1666 statuerant
1148 1620 1340 1692 occupare:
1374 1599 1441 1672 sed
1460 1627 1495 1675 rs

196 1701 467 1790 Pharnabazus,
499 1699 607 1772 Darei
623 1712 794 1804 praetor,
827 1703 1093 1798 comprehensis
1120 1705 1181 1800 qui
1208 1729 1267 1778 res
1292 1707 1341 1778 ad
1365 1707 1440 1782 Ma-

195 1810 357 1884 cedones·
374 1810 579 1899 trahebant,
607 1809 730 1883 rirrsus
756 1812 964 1910 Apollonidi
990 1822 1028 1886 et
1053 1811 1325 1912 Athenagorae,
1361 1843 1440 1892 sua·

32 1911 35 1918 ⁴
113 1996 120 2006 ,
193 1927 275 1995 rum
305 1921 461 2020 partium
493 1921 594 2012 viris,
627 1921 753 1994 urbem
784 1947 867 1994 oum
901 1922 1043 1995 modico
1074 1923 1254 2018 praesidio
1286 1929 1440 2002 militum

193 2032 313 2105 tradit
373 2030 549 2104 Praefecti
579 2032 778 2106 Alexandri
809 2033 847 2106 in
879 2031 1067 2106 obsidione
1099 2033 1197 2106 urbis
1233 2060 1439 2132 persevera·
1459 2067 1494 2117 rs

85 2207 86 2210 ,
192 2143 290 2233 bant,
316 2167 390 2214 non
415 2153 491 2214 tam
517 2143 590 2214 suis
617 2143 769 2234 viribus,
806 2169 915 2240 quam
941 2143 1111 2239 ipsorum,
1137 2147 1198 2243 qui
1225 2144 1437 2220 obsideban-

193 2263 262 2343 tur,
289 2252 484 2326 voluntate.
536 2251 611 2326 Nec
637 2254 759 2326 fefellit
785 2255 915 2352 opinio.
976 2250 1140 2350 Namque
1171 2257 1265 2328 inter
1290 2256 1438 2355 Apollo-

227 2542 251 2609 5.
270 2547 311 2594 lt.
351 2555 500 2608 quocunqne
523 2543 664 2609 pendentes
690 2539 791 2590 animoa
826 2537 871 2590 Fr.
890 2537 1017 2592 Gronovii
1035 2537 1198 2603 emendatio,
1227 2537 1339 2593 Obaers.
1357 2553 1388 2606 11,
1407 2546 1433 2594 8.

192 2611 294 2662 tulisset
302 2609 416 2677 fortuna
431 2615 495 2688 post
512 2607 630 2661 Modium
652 2623 685 2658 ex
703 2623 791 2658 emen·
827 2606 911 2659 codd.
929 2607 999 2660 enim
1026 2608 1147 2659 Tenedon
1165 2623 1265 2676 qaoque
1282 2617 1432 2676 receptacu-

192 2677 298 2730 datione
316 2675 438 2730 Palmerh
465 2675 560 2730 editur.
594 2675 667 2728 Libri
689 2682 792 2727 veteres
825 2677 888 2740 tum,
907 2675 979 2744 quod
997 2683 1028 2727 nt
1045 2673 1249 2744 intelligeretur,
1263 2677 1375 2728 hosdan
1389 2693 1431 2728 re-

191 2752 220 2797 ct
237 2747 340 2796 animas
358 2752 386 2796 et
393 2746 535 2814 fortunam
560 2743 701 2808 exhibent,
724 2759 791 2796 uuus
826 2745 986 2812 reptandum
1021 2743 1142 2813 princeps
1178 2741 1291 2812 scripsit.
1339 2742 1432 2796 Iunius

190 2812 271 2866 Bern.
290 2813 312 2864 B
331 2813 446 2878 animos,
473 2811 531 2865 Pal.
552 2820 563 2865 l
583 2813 688 2864 uniaris.
724 2810 791 2863 Mihi
825 2810 921 2862 deiude
954 2827 1015 2864 cum
1046 2809 1107 2865 Chii
1138 2808 1240 2862 insulae
1269 2811 1432 2864 mentionem

209 2881 295 2933 uidam
324 2895 414 2932 verum
440 2879 535 2932 vidisse
561 2879 667 2932 videtur
696 2879 791 2932 doctu
825 2878 882 2932 fieri
900 2895 1006 2932 neom
1022 2878 1126 2931 videret
1143 2893 1200 2930 esse
1217 2877 1263 2946 (cf.
1281 2879 1431 2947 Anisurr,

191 2947 353 3002 ‘'aGallus.
379 2973 385 2980 ·
823 2955 858 3014 2,
885 2950 933 3018 4),
966 2946 1070 3001 addidit
1096 2955 1244 3000 statuerant
1269 2957 1298 2999 et
1327 2947 1430 3001 Chion

225 3016 290 3088 Cap.
309 3021 351 3082 28,
370 3019 393 3084 ς.
413 3023 453 3069 13.
476 3017 562 3069 adhuc
579 3017 666 3086 inpnm
685 3016 791 3083 imperii
823 3031 964 3085 compare,
988 3011 1016 3068 id
1032 3015 1104 3086 quod
1121 3015 1203 3068 etiam
1219 3013 1324 3068 Modius
1341 3031 1430 3068 serva-

190 3095 340 3139 recnsantea
358 3099 447 3137 omnes
465 3083 525 3137 libri
542 3102 615 3150 msa,
641 3083 705 3137 editi
728 3085 788 3151 imp.
822 3084 863 3136 vit
879 3101 939 3136 cum
957 3085 1067 3136 hostium
1085 3100 1182 3136 nornen
1195 3099 1286 3135 rursus
1303 3082 1431 3136 aiedmet.

189 3154 243 3223 inq.
261 3155 348 3205 adbuc
365 3170 416 3206 rec.
451 3152 518 3205 Post
540 3153 703 3222 aliquantum
725 3149 789 3202 item
825 3151 878 3205 Sed
896 3151 1026 3205 Gronorii
1043 3151 1173 3220 sagacitas
1190 3150 1278 3204 omnia
1294 3151 1430 3222 praeclare

189 3237 278 3275 omnes
297 3222 425 3273 Hadome
442 3221 528 3273 Darei
546 3223 580 3291 (a.
600 3222 694 3288 Darii)
709 3237 790 3289 prue-
825 3219 972 3274 constitnit.
1242 3247 1245 3254 ¹

190 3298 261 3353 tore,
286 3239 367 3357 soligo
394 3290 493 3342 Idarne
516 3307 559 3357 pr.
585 3289 674 3340 Darii.
710 3287 790 3356 Apud
858 3291 882 3356 ξ.
903 3294 942 3341 15.
965 3291 1004 3340 ad
1019 3287 1192 3366 llccedones]
1210 3285 1430 3356 Editionesquae

188 3355 329 3410 Attianum
345 3369 399 3424 vn,
418 3364 442 3424 t,
463 3365 475 3410 1
493 3354 629 3430 Ὑδάρνης
647 3365 675 3408 et
689 3353 789 3428 ’Ῥὸᾰρ-
823 3357 1010 3410 auctoritatem
1024 3356 1124 3408 habent
1136 3363 1249 3420 variant,
1269 3371 1330 3407 nam
1339 3357 1431 3408 Muce-

188 3443 238 3488 τηι
255 3423 360 3494 legitur.
823 3427 907 3478 donus
941 3423 1001 3477 luu.
1032 3425 1103 3476 Mod.
1135 3423 1232 3490 Snah,
1268 3423 1430 3478 Macedones

224 3493 344 3545 Miletum
371 3492 448 3561 cepit]
493 3491 538 3546 Sic
562 3492 633 3546 Flor.
665 3490 788 3554 DEFGl,
822 3491 921 3545 Aldina
947 3500 976 3544 et
1001 3491 1131 3556 Freinsh,
1158 3491 1205 3542 sed
1232 3491 1337 3543 codices
1363 3491 1389 3543 h.
1411 3492 1429 3544 1.

188 3559 325 3630 ediditque
342 3558 440 3630 primus
459 3560 540 3613 Hadr.
557 3560 664 3626 Iunius,
683 3578 742 3614 cum
759 3560 787 3612 in
822 3559 906 3630 nostri
933 3559 1040 3630 quidem
1062 3575 1153 3612 omnes
1174 3567 1282 3628 praeter
1305 3559 1386 3612 Beru.
1405 3560 1429 3612 B

187 3627 306 3748 priquipe
323 3627 414 3748 lirisstqt
431 3631 482 3682 dno
499 3631 573 3748 nqilia
591 3631 786 3749 mititurqceff't,
821 3628 1124 3750 [l'acidmfigqhabdm'
1155 3626 1227 3748 2itera
1249 3643 1283 3679 ue
1308 3625 1431 3748 {sthelen-

187 3715 215 3748 m
286 3713 379 3748 rnaau
408 3714 433 3748 ιιι
452 3714 511 3748 men
530 3713 714 3750 osesnerno
761 3715 786 3749 e·
840 3715 857 3749 u
984 3715 1018 3748 ι.
1081 3713 1131 3749 oss.
1174 3735 1180 3748 .
1247 3713 1284 3749 ox
1362 3713 1426 3749 ersa-

204 3767 306 3818 etochns
330 3765 379 3816 Am
399 3766 501 3817 heterna
523 3775 546 3816 et
569 3715 689 3817 trithem
711 3767 786 3833 cepit.
819 3714 909 3834 qohii
929 3765 1046 3834 itemque
1078 3766 1101 3832 §.
1131 3771 1160 3816 11
1190 3766 1360 3833 Athenuqom
1378 3781 1428 3834 pro

184 3783 318 3886 llimirum
336 3782 465 3911 Miletum,
484 3851 543 3886 cum
560 3835 669 3886 militnm
686 3832 787 3903 legera-
822 3831 892 3902 vulg.
917 3836 1107 3902 Athanayorce
1128 3833 1190 3885 dedi
1206 3835 1326 3903 'propter
1352 3833 1428 3884 codd.

184 3909 243 3967 tur,
265 3918 297 3954 ea
322 3899 435 3954 ludibria
451 3901 597 3971 scripturae
618 3900 786 3980 provocavit,
822 3919 882 3953 mss.
902 3900 929 3954 iu
946 3902 1031 3954 altero
1049 3911 1122 3954 certe
1140 3901 1198 3954 loco
1216 3917 1380 3954 oouaensum.

186 3968 279 4038 quibus
306 3967 399 4038 optimi
425 3968 541 4039 alioquin
567 3970 668 4022 codices
695 3977 786 4022 conta-
857 3971 880 4036 ξ.
901 3977 941 4023 lt.
964 3988 1017 4022 non
1035 3981 1087 4022 tom
1106 3972 1163 4023 sais
1181 3969 1293 4038 viribus]
1323 3965 1429 4020 Ablati·

186 4036 277 4090 minati
296 4047 371 4090 suutr
395 4041 445 4090 duo
468 4041 577 4090 militum
600 4045 646 4088 aut
669 4037 703 4088 II
718 4039 787 4088 miti·
822 4055 870 4090 vus
888 4037 931 4091 hic
948 4048 990 4091 est
1007 4055 1107 4091 mursae.
1143 4037 1242 4090 Sensus
1258 4045 1312 4088 est:
1338 4052 1428 4090 move·

186 4115 240 4157 tum
258 4103 286 4170 (i.
296 4121 319 4157 c.
333 4106 385 4158 duo
400 4106 492 4174 milia),
511 4109 574 4159 dnos
588 4108 706 4168 militurn,
721 4106 787 4156 adeo
822 4107 921 4160 bantur
938 4115 969 4158 ut
983 4106 1145 4158 obsidionem
1159 4103 1354 4172 continuarent,
1374 4122 1428 4157 nou

186 4173 222 4226 II
250 4175 315 4227 duos
338 4176 447 4226 rnilitum
476 4183 518 4242 (ut
536 4175 613 4227 liern.
632 4175 656 4224 A
674 4172 744 4224 Flos
762 4174 787 4224 A
822 4185 878 4227 tarn
915 4176 967 4226 uod
985 4175 1084 4226 viribus
1101 4173 1278 4239 abundarent,
1295 4173 1427 4243 sedqucd

186 4239 274 4308 Laid.)
822 4242 848 4294 id
866 4193 993 4294 volebant
1010 4241 1046 4293 illi
1065 4241 1114 4311 ipsi
1131 4241 1177 4312 qui
1194 4241 1391 4294 obsidebantur.

221 4311 245 4377 §-
265 4317 305 4364 14.
336 4309 437 4362 Tenedo
456 4327 554 4378 quoque
571 4319 672 4429 recepta
694 4309 787 4360 Chium
857 4313 1043 4380 Apolloniden]
1080 4310 1126 4363 Sic
1143 4327 1203 4363 curn
1220 4309 1294 4362 leid.
1314 4309 1423 4362 Vosal

187 4381 250 4447 cot]
286 4377 398 4448 Optima
415 4395 446 4430 ac
462 4377 607 4430 lelicissima
642 4393 689 4430 acc
705 4383 747 4430 est
766 4377 785 4429 l.
821 4377 1129 4445 Bern.AetFlor.AB;
1144 4378 1224 4448 vulgo
1236 4379 1426 4446 Apolloniden.
