3350 5042
207 283 281 354 344
675 291 709 356 Q.
736 289 860 344 cuam
884 287 969 344 ituri

206 482 364 555 venerat
417 477 543 577 ltaque
577 489 618 554 ut
651 502 806 569 omnes„
833 478 893 574 qui
919 475 1143 566 defecerant,
1188 480 1325 576 pariter
1360 478 1447 552 belli

207 591 308 664 clade
333 604 590 691 premerentur,
616 589 736 688 copias
763 588 900 678 dividit,
927 589 1053 683 urique
1079 611 1205 684 agros,
1231 601 1270 662 et
1295 591 1449 662 interfici

207 702 361 801 puberes
387 703 498 776 iussit

158 816 205 886 39
311 809 493 914 Sogdiana
526 813 623 909 regio
657 811 790 884 maiore
825 835 872 881 ex
907 817 1008 904 parta
1044 805 1188 880 deserta
1222 817 1298 880 est:
1334 809 1448 881 octin-
1470 830 1503 874 ii.

209 936 319 1024 genta
344 927 419 998 fore
445 921 562 996 stadia
586 923 622 993 in
653 919 876 993 latitudinem
907 928 1032 991 vastae
1067 917 1279 994 solitudines
1311 927 1450 992 tenent

210 1035 341 1136 lugens
368 1035 524 1133 spatium
550 1041 667 1103 rectae
694 1029 846 1126 regionis
871 1039 936 1118 est,
963 1055 1027 1128 per
1053 1057 1161 1129 quam
1188 1031 1314 1120 amnis,
1341 1029 1485 1130 Poly-a

211 1146 375 1220 timetum
400 1151 534 1216 vocant
559 1141 710 1231 incolae,
747 1142 869 1215 fertur.
921 1140 1133 1216 Torrentem
1166 1167 1248 1216 eum
1280 1144 1379 1239 ripae
1412 1145 1450 1216 in

210 1265 355 1328 tenuem
390 1256 532 1328 alveum
571 1263 722 1352 cogimt3
765 1251 894 1328 deinde
928 1277 1083 1337 caverna
1123 1254 1269 1350 accipit,
1307 1264 1345 1326 et
1378 1254 1450 1326 sub

212 1377 344 1438 terram
370 1367 474 1465 rapit
527 1363 661 1440 Cursus
686 1365 885 1440 absconditi
910 1362 1077 1436 indicium
1104 1373 1161 1436 est
1187 1389 1303 1461 cquae
1328 1385 1486 1436 maan-s

211 1477 258 1550 tis
284 1501 411 1569 sonus,
447 1502 529 1551 cum
553 1477 670 1575 ipsum
694 1477 826 1568 solum,
860 1476 926 1549 sub
959 1498 1031 1569 quo
1063 1484 1187 1548 tantus
1219 1477 1333 1550 amnis
1359 1475 1451 1566 fluit,

213 1615 259 1664 ue
290 1589 432 1663 modico
464 1587 608 1685 quidem
638 1585 784 1660 resudet
819 1587 976 1660 humore.
1029 1583 1088 1658 Ex
1119 1586 1272 1684 captivis
1304 1585 1488 1685 Sogdia-i

214 1725 342 1774 norum
369 1699 417 1774 ed
441 1723 563 1796 regem
588 1723 667 1772 xxx
691 1697 908 1788 nobilissimi,
935 1721 1126 1795 corporum
1151 1697 1283 1770 robore
1310 1698 1452 1788 eximio,

214 1808 378 1909 perducti
404 1819 525 1884 erant:
558 1810 618 1906 qui
643 1819 685 1881 ut
709 1833 773 1906 per
798 1809 1028 1906 interpretem
1053 1822 1320 1907 cognoverunt,
1350 1809 1452 1882 iussu

215 1921 309 2020 regis
336 1924 433 2020 ipsos
466 1918 513 1992 ad
546 1918 756 2017 supplicium
786 1919 896 2010 trahi,
935 1943 1079 1992 carmen
1105 1920 1318 1994 laetantium
1343 1919 1453 1994 modo

216 2055 362 2123 canere,
402 2023 635 2130 tripudiisque
669 2041 706 2103 et
740 2028 915 2104 lasciviori
949 2031 1107 2128 corporis
1143 2043 1246 2106 motu
1279 2031 1454 2130 gaudium

216 2141 398 2240 quoddam
423 2142 531 2215 animi
556 2151 736 2215 ostentare
763 2151 964 2240 coeperimt
1010 2140 1220 2234 Admiratus
1247 2168 1324 2235 rex,
1350 2153 1491 2216 tantas

218 2251 462 2354 magnitudine
497 2252 604 2326 aniiiii
642 2261 811 2351 oppetere
842 2261 1011 2340 mortem,
1048 2254 1212 2327 revocari
1243 2280 1306 2329 eos
1341 2255 1456 2345 iussit,

218 2389 363 2452 causam
388 2373 463 2439 tam
490 2365 623 2438 effusae
647 2363 820 2456 laetitias,
856 2389 936 2436 cum
968 2363 1180 2462 supplicium
1212 2373 1298 2439 ante
1333 2366 1457 2440 oculos

254 2623 333 2686 ssi.
369 2579 475 2685 abac
486 2618 608 2688 puna]
631 2614 705 2670 ise.
717 2616 817 2670 voni
854 2615 951 2686 legitur
967 2617 1038 2686 apud
1048 2615 1180 2697 cusum,
1198 2627 1227 2672 ei
1244 2617 1270 2698 i.
1279 2617 1302 2698 i·
1315 2617 1460 2690 diremptio
1476 2611 1477 2614 ‘

220 2685 610 2876 nid-blsffiiviabiiab
624 2755 711 2834 pafo]
733 2753 822 2834 vugq
854 2684 1199 2834 iffilibiiiiielfflm
1221 2685 1322 2836 ‘llil
1342 2696 1373 2741 οἱ
1396 2687 1460 2741 *ff*

222 2825 327 2891 maiori,
417 2824 502 2878 alters
517 2823 602 2877 forins
619 2823 722 2876 codices
739 2831 822 2876 nostri
856 2825 947 2944 ω3ἀ4.
972 2824 1123 2876 laetantum
1136 2825 1225 2894 modo]
1251 2823 1306 2890 Sic,
1315 2841 1370 2878 non
1378 2843 1460 2892 sisare,

223 2907 313 2946 omnes
329 2909 390 2946 cum
407 2891 481 2945 Leia
491 2892 568 2946 Voss.
581 2901 602 2944 1.

238 2964 282 3042 J.
296 2967 322 3016 2.
356 2971 442 3015 reduc
467 2963 592 3042 raptariis]
621 2959 737 3040 'Terram
759 2957 823 3039 dicit
856 2958 947 3014 editio.
1068 3031 1074 3042 ¹
1453 3029 1460 3042 Ι

224 3035 293 3084 secut
308 3045 390 3148 supra
406 3045 428 3083 c.
437 3035 507 3108 224
521 3047 548 3082 iii
557 3027 756 3098 longitudinem,
773 3045 791 3080 i.
800 3041 823 3079 e.
892 3031 916 3092 ς.
935 3034 958 3082 ⁵.
995 3029 1160 3109 Admiratus⁸
1176 3047 1232 3082 rer.
1267 3027 1353 3084 codd.
1375 3036 1461 3083 nostri

225 3099 259 3152 ab
277 3115 332 3152 coci
351 3105 415 3150 ente
431 3105 560 3152 orientem
570 3114 659 3150 versus
704 3103 824 3150 nectam.
858 3097 962 3167 quidem
979 3113 1068 3151 omnes
1087 3099 1183 3150 admsr.
1201 3107 1249 3151 cst
1266 3116 1323 3164 rex,
1340 3099 1461 3152 sedeon-

225 3164 318 3222 Amnis
334 3174 377 3219 est
392 3165 470 3220 seriis
487 3165 633 3219 nominibus
677 3164 751 3230 ohik,
774 3163 824 3216 Ζι-
858 3165 954 3220 iunctio
980 3165 1007 3219 in
1036 3165 1206 3236 sequentibus
1238 3165 1310 3220 nulls
1340 3175 1388 3220 ast
1424 3167 1463 3220 Et

225 3235 348 3299 rsfchan,
376 3233 450 3304 Sogd
476 3234 554 3287 bodie
579 3233 738 3312 appellatus,
764 3232 824 3286 vide
858 3231 939 3287 miror
956 3233 1090 3305 aliquanto
1108 3242 1186 3304 post,
1213 3234 1258 3288 ubi
1276 3252 1348 3288 nunc
1364 3234 1463 3305 legitur

225 3303 324 3357 Ritter.
341 3301 439 3384 Geogr.
456 3317 487 3370 n,
502 3321 531 3382 p.
542 3310 589 3383 pil
610 3309 673 3382 (vet
684 3302 768 3369 edit),
790 3302 824 3354 ud
859 3313 910 3355 tum
927 3320 983 3382 rer,
998 3319 1097 3424 ppuero
1115 3305 1151 3356 ita
1218 3301 1317 3384 iterum
1334 3303 1361 3357 in
1378 3303 1463 3358 omni-

167 3397 172 3412 ·
225 3387 303 3444 quern
324 3380 414 3424 esitii
433 3387 583 3442 provinciae
603 3379 654 3424 sita
674 3379 736 3423 sunt
752 3369 824 3422 Boli·
858 3371 906 3424 biis
923 3371 1005 3424 codici
1026 3389 1055 3424 us
1073 3379 1100 3424 et
1116 3372 1149 3424 ed
1170 3412 1176 3424 .
1193 3379 1310 3443 antiquis
1332 3387 1389 3426 esse
1405 3390 1462 3438 rex,

226 3389 529 3522 hpnatdsrnsrkaud,
552 3455 622 3560 ‘lum
644 3438 825 3510 olimquoque
859 3441 1038 3520 admiratus
1069 3438 1324 3520 mupns'tuds'nem
1354 3443 1463 3509 enimi,

226 3507 826 3648 :austeritatum
858 3507 1382 3656 circumureretur·
1396 3527 1463 3646 ιι

228 3645 330 3726 dierum
351 3652 403 3699 iter
423 3645 518 3716 longae
535 3661 626 3699 omnes
642 3652 763 3725 certatim
780 3645 826 3697 sd·
860 3645 931 3714 quod
956 3663 983 3698 in
1013 3645 1091 3727 editis
1123 3653 1229 3717 praeter
1254 3645 1330 3701 Mod.
1357 3648 1391 3702 sd
1419 3656 1464 3702 tur
1500 3693 1503 3700 .

228 3721 317 3770 mnan
338 3722 449 3767 suntet
471 3723 574 3768 veteres
601 3723 629 3768 et
651 3721 826 3767 recentiores:
860 3722 923 3782 post
942 3715 1044 3777 Ωιιαονο
1062 3725 1157 3784 nuque,
1175 3714 1463 3771 obaudieriminouiit-

228 3781 290 3837 vide
309 3781 426 3834 eiusdem
444 3781 541 3835 Ri'tteri
564 3781 761 3852 descriptionem
782 3781 826 3835 l.l.
861 3782 942 3835 tende
966 3799 1032 3836 voce
1055 3799 1213 3836 consensum
1235 3783 1375 3838 ddendiuu
1397 3783 1464 3851 tuit,

229 3851 285 3906 Sed
296 3865 356 3904 oum
370 3849 452 3920 vulgo
469 3849 573 3920 legatur
583 3867 635 3920 per
651 3868 729 3920 quusi
745 3854 828 3904 amnis
864 3850 932 3905 iusto
957 3851 1027 3904 enini
1053 3851 1214 3905 liberaliores
1240 3851 1268 3904 in
1293 3853 1345 3907 lioc
1367 3869 1466 3924 genere

230 3949 266 3962 -
275 3918 368 3990 sertor
376 3928 486 3972 torreris.
509 3920 587 3984 Eira,
606 3937 675 3973 nuuc
687 3918 830 3990 marginem
864 3921 921 3974 sere
945 3919 1074 4001 principes
1098 3921 1212 3976 editores
1237 3922 1355 3974 fuerunt
1397 3921 1466 3974 Vide

230 3987 293 4041 edit.
327 3986 454 4041 Iunisnae
485 3995 513 4040 et
539 3987 658 4066 bladium
687 3987 770 4042 secuti
795 4005 829 4042 ex
864 3987 992 4069 Drahsd
1006 3989 1244 4069 liiv.xxii1,45,t.
1279 3989 1389 4045 Curtius
1408 3989 1465 4071 qui·

231 4056 307 4112 endu
325 4053 497 4110 FlonDFGl
513 4073 661 4126 sumpsimus
681 4057 830 4110 Torrentem
864 4057 924 4111 dem
942 4069 1031 4112 omisit
1047 4073 1075 4123 v,
1095 4064 1110 4111 8
1128 4066 1197 4112 extr.
1216 4073 1245 4124 ν,
1263 4064 1307 4126 22,
1324 4067 1350 4112 4.
1376 4057 1466 4112 Etiam

231 4141 296 4205 apii.
323 4124 572 4205 FleaEtprrentem
581 4142 645 4178 usu.
662 4124 830 4208 idemquaim
865 4125 1035 4206 moratione
1062 4126 1199 4208 indirecta,
1225 4145 1303 4208 quam
1330 4143 1465 4194 vocamus,

232 4194 829 4343 ffil'si'l'u‘lliflflrlllrlllnllsslbl
864 4196 1466 4334 tttltlssttmttttt'tilffiltt

234 4347 319 4384 urmes
337 4337 365 4384 et
374 4345 438 4397 viii,
448 4338 479 4411 ³⁷.
499 4341 610 4400 crnyuur
625 4349 696 4384 amns
712 4335 828 4412 torrem,
864 4333 1013 4386 Leonnatus
1031 4344 1055 4386 et
1073 4335 1154 4388 vivere
1172 4335 1331 4388 Dareumet
1348 4335 1422 4404 ipsus
1433 4365 1466 4374 -

235 4407 325 4452 temen
349 4408 378 4452 at
408 4415 510 4470 saepius
540 4410 640 4452 torrens
666 4399 829 4454 substantive
864 4403 1000 4454 i'iicolicnss
1018 4432 1053 4444 -
1062 4402 1135 4471 sore.

924 2932 930 2943 .
951 2907 1054 2960 omues,
1084 2907 1167 2961 marg.
1186 2890 1314 2946 lituisnae
1335 2902 1365 2947 et
1384 2893 1460 2947 Mod.
