3330 5050
184 313 258 386 366
651 335 686 399 Q·
713 335 837 390 cnara
862 336 948 390 num

149 515 373 606 ‚micorum
406 539 536 614 corpus
570 519 726 594 ablatum
757 534 822 596 est
874 521 955 595 Rex
987 518 1146 593 triduum
1172 521 1282 594 iacuit
1306 519 1469 593 indu-11

59 711 63 718 .
178 649 251 696 sus.
287 620 401 712 Quem
420 639 461 700 ut
478 631 642 728 armigeri
667 634 895 730 corporisque
920 627 1088 702 custodes
1115 629 1163 700 ad
1189 629 1426 715 moriendum,

178 735 398 810 obstinatum
443 767 521 816 esse
567 755 828 838 cognoverunt,
870 740 1028 814 universi
1067 740 1103 810 in
1145 739 1418 811 tabernaculum

178 845 388 948 irrumpunt,
420 850 551 947 diuque
576 853 738 948 precibus
765 853 923 946 ipsorum
949 850 1164 922 reluctatum
1190 871 1298 945 aegre
1323 847 1417 918 vice·

179 971 273 1050 runt,
299 973 341 1034 ut
365 962 482 1034 cibum
510 973 660 1058 caperet.
705 959 854 1056 Quoque
871 962 988 1034 nunus
1007 960 1126 1034 caedis
1148 960 1311 1060 puderet,
1338 957 1469 1029 iurare

178 1069 404 1145 interiectum
430 1069 561 1143 Clitum
586 1069 798 1144 Macedones
825 1070 1033 1166 decernunt,
1059 1074 1247 1171 sepultura
1272 1095 1415 1168 quoque

178 1181 400 1280 prohibituri,
426 1183 463 1254 ni
488 1207 555 1256 rex
580 1182 716 1255 humari
741 1183 912 1258 iussisset

127 1294 149 1364 7
281 1291 393 1388 Igitur
418 1291 541 1367 decem
566 1293 690 1368 diebus
722 1297 877 1369 maxime
908 1295 956 1370 ad
988 1291 1273 1368 confirmandum
1303 1289 1416 1388 pudo
1436 1309 1468 1356 ιι

176 1427 253 1476 rem
279 1403 376 1501 apud
401 1401 616 1478 Maracanda
640 1407 871 1503 consumptis,
903 1431 985 1480 cum
1010 1415 1113 1502 parte
1138 1403 1319 1478 exercitus
1344 1399 1416 1476 He·

175 1513 423 1612 phaestionem
453 1516 490 1588 in
521 1519 700 1614 regionem
724 1515 951 1590 Bactrianam
982 1516 1093 1606 misit,
1131 1524 1352 1588 commeatus
1377 1513 1414 1585 in

176 1623 329 1700 hiemem
364 1637 579 1725 paraturum
632 1624 747 1716 Quam
779 1625 872 1700 Clito
905 1637 1028 1701 autem
1058 1625 1304 1700 destinaverat
1335 1648 1415 1723 pro·
1436 1643 1467 1688 ¹4

176 1737 340 1826 vinciam,
365 1737 547 1837 Amyntae
572 1735 689 1810 dedit:
726 1738 801 1835 ipse
826 1736 993 1838 Xenippa
1018 1739 1192 1837 pervenit
1245 1732 1416 1834 Scythiae

176 1847 325 1922 confinis
347 1857 403 1922 est
422 1848 531 1946 regio,
549 1848 798 1946 habitaturque
816 1850 979 1948 pluribus
997 1875 1040 1924 ac
1053 1847 1301 1947 frequentibus
1315 1846 1414 1936 vicis,

176 1959 260 2055 quia
273 1957 430 2032 ubertas
457 1970 573 2033 terrae
598 1984 671 2032 non
695 1957 881 2060 indigenas
907 1960 1016 2034 modo
1041 1960 1191 2051 detinet,
1216 1957 1413 2032 sedetiam

175 2070 340 2164 advenas¹
359 2071 497 2146 invitat
548 2069 817 2146 Bactrianorum
842 2073 1004 2162 exulum,
1037 2072 1098 2170 qui
1120 2071 1175 2146 ab
1203 2067 1466 2143 Alexandrou

175 2179 388 2274 deiecerant,
414 2183 675 2282 receptaculum
700 2183 825 2257 fuerat
879 2181 951 2256 Sed
982 2192 1174 2281 postquam
1204 2205 1327 2278 regem
1353 2177 1415 2252 ad·

175 2305 325 2370 ventare
356 2305 578 2393 compertum
609 2303 682 2384 est,
720 2293 814 2392 pulsi
848 2293 894 2367 ab
926 2294 1050 2368 incolis
1081 2315 1109 2366 11
1139 2291 1236 2365 milia
1266 2293 1341 2366 fere
1375 2301 1414 2364 et

61 2471 63 2476 .
173 2407 359 2504 quingenti
396 2416 685 2504 congregantur.=
724 2401 859 2479 Omnes
895 2407 1032 2503 equites
1067 2415 1189 2495 erant,
1229 2402 1338 2475 etiam
1375 2401 1413 2473 in
1432 2419 1465 2466 1⁰

104 2529 105 2534 ’
175 2541 264 2614 pace
297 2518 489 2590 latrociniis
522 2518 668 2590 assueti:
708 2527 786 2588 tum
820 2518 954 2590 ferocia
985 2517 1129 2614 ingenia
1168 2540 1242 2588 non
1278 2512 1413 2585 bellum

173 2625 298 2720 modo,
336 2627 534 2702 sedetiam
560 2627 683 2701 veniae
709 2625 911 2726 desperatio
938 2621 1161 2700 efferaverat
1212 2623 1338 2720 Itaque
1365 2647 1412 2695 ex

172 2739 366 2837 improviso
393 2737 511 2810 adorti
537 2739 748 2838 Amyntam,
782 2749 986 2837 praetorem
1012 2735 1226 2826 Alexandri,
1259 2733 1322 2806 diu
1349 2759 1411 2805 an-

173 2873 258 2948 ceps
289 2849 462 2949 proelium
495 2851 668 2924 fecerant:
702 2849 749 2924 ad
780 2851 945 2922 ultimum
975 2871 1050 2922 uec
1082 2873 1229 2922 suorum
1262 2845 1411 2933 amissis,
1430 2864 1462 2910 17

173 2985 326 3058 quorum
353 2981 422 3035 ccc
448 2962 562 3036 hostis
589 2973 747 3060 ceperat,
782 2961 914 3036 dedere
941 2974 1043 3060 terga
1067 2958 1282 3050 victoribus,
1313 2954 1412 3031 haud

174 3098 259 3145 sane
285 3073 397 3162 inulti,
425 3073 555 3172 quippe
581 3095 682 3146 nxxx
701 3071 937 3146 blacedonum
964 3073 1228 3160 interfecerunt,
1254 3079 1410 3167 praeter-

102 3207 105 3213 ·
173 3209 243 3282 que
269 3210 331 3258 eos
358 3205 428 3258 ccc
456 3195 492 3257 et
518 3207 541 3256 1,
567 3183 674 3257 saucii
704 3184 788 3258 facti
822 3195 915 3258 sunt
969 3181 1122 3256 Veniam
1153 3194 1276 3256 tamen
1302 3171 1411 3252 etiam
1431 3195 1463 3242 ¹8

172 3305 256 3394 post
281 3297 429 3368 alteram
455 3295 687 3368 defectionem
713 3296 1004 3396 impetraverunt.

16 3445 28 3466 ·
121 3409 144 3480 8
274 3405 340 3482 His
378 3405 414 3479 in
452 3405 559 3480 fidem
597 3407 766 3505 acceptia,
804 3407 841 3479 in
872 3407 1071 3504 regionem,
1108 3429 1217 3501 quam
1247 3398 1411 3475 Nautaca
1430 3419 1461 3465 1⁹

205 3615 308 3687 Cepi,
325 3623 347 3684 ς.
363 3623 404 3671 14.
430 3618 485 3687 ipse
503 3617 626 3686 Xenippa
638 3620 757 3686 peruenit
804 3615 857 3671 ΕΗ
878 3616 959 3670 Bam.
982 3615 1005 3668 B
1027 3615 1103 3668 Voss.
1123 3621 1157 3681 2,
1183 3611 1271 3667 nullus
1302 3609 1410 3664 omnino

171 3682 325 3765 ,Graecum
341 3702 435 3740 nornen
453 3684 695 3765 aldscedopibqsp
805 3688 918 3742 ducenti.
952 3683 1011 3738 Nec
1023 3683 1106 3738 refert
1119 3699 1210 3737 vocam
1226 3680 1410 3761 niliupberse

171 3889 365 3958 historicorum,
391 3899 497 3962 praeter
513 3841 631 3946 nostrulh
650 3889 771 3946 Curtium
840 3889 938 3962 Cap.8,
964 3897 1023 3944 .1a.
1058 3907 1118 3943 uem
1157 3885 1408 3964 umacunppelloqtl

170 3959 226 4014 eiua
237 3976 347 4030 usquam
357 3958 516 4014 mentionem
526 3960 597 4014 fecit.
623 3959 771 4030 Sogdianus
805 3959 900 4013 Editur
914 3978 949 4011 vu
978 3977 994 4012 o
1036 3908 1069 4012 de
1082 3955 1319 4021 aModioNauru,
1334 3953 1409 4020 (edit.

170 4037 272 4098 purtem
291 4027 384 4095 fuisse,
407 4045 440 4081 ox
457 4045 529 4082 nexu
545 4027 710 4082 historiarum
726 4047 772 4082 su·
823 4048 844 4082 r.
858 4041 885 4080 et
898 4027 956 4082 lun.
997 4045 1100 4090 aarum,
1117 4025 1179 4080 Ala
1189 4023 1338 4078 Nantuiom
1364 4021 1409 4074 aad

170 4095 264 4168 spicari
281 4095 370 4150 licet.“
390 4095 527 4152 cellarius.
562 4097 662 4166 Xempa
680 4097 772 4152 scribi·
804 4047 899 4152 licata
917 4095 1098 4150 Leidvoeal
1118 4093 1197 4149 Pell
1219 4091 1330 4146 Berua
1371 4107 1409 4144 or.

170 4173 216 4219 tur
233 4165 261 4220 in
277 4164 350 4220 Flor.
366 4165 433 4234 ΕΗ,
459 4165 571 4235 Xemptc
595 4165 622 4218 iu
638 4165 719 4220 Bern.
735 4167 770 4236 B,
804 4164 905 4220 ABFG
922 4164 1043 4220 meliores
1061 4182 1121 4218 msa.
1142 4157 1409 4230 (manuteneat

170 4235 294 4304 Xenippa
311 4233 460 4288 inVoesa.
805 4252 917 4289 neuram
940 4252 985 4288 urs
1017 4233 1113 4287 .Flor.
1133 4231 1180 4300 G).
1216 4227 1409 4298 Corrigendum

204 4309 279 4372 §.lb
296 4305 401 4356 nmilia
410 4306 473 4373 sere
487 4312 509 4355 et
524 4303 667 4382 qninqentt]
683 4303 770 4375 Vulgo
805 4303 945 4356 videbatur
1006 4313 1102 4356 anteco
1132 4297 1279 4355 secuudum
1304 4295 1408 4351 Arriam

171 4382 194 4426 et
216 4373 333 4439 ducentii,
363 4373 409 4426 sed
432 4371 492 4426 libri
509 4389 568 4424 nias.
591 4380 685 4440 panim
703 4383 726 4426 et
744 4377 770 4427 d.
805 4372 849 4426 lib.
868 4387 907 4435 tv,
929 4379 960 4426 18
983 4377 1046 4445 napi
1064 4371 1225 4425 Ναύτακα
1249 4365 1409 4421 ἀναπαύων

171 4441 268 4514 partim
284 4439 405 4496 omnibus
423 4439 506 4494 literis
523 4452 546 4494 et
560 4439 770 4511 quincentih'lot.
803 4441 857 4507 τὴν
875 4442 1012 4514 στρατιὰν
1030 4437 1128 4512 ὅτιπερ
1147 4435 1271 4508 ἀκμαῖον
1283 4445 1334 4491 τοῦ
1351 4461 1407 4506 χει-

1008 3957 1035 4012 in
