3260 5042
226 393 296 444 nv
732 389 950 456 rasms‘no,

227 573 380 644 lationes
406 571 453 644 ab
479 571 589 648 Henr.
617 570 888 672 Snalrenburgio
922 575 958 647 in
993 531 1306 669 locupletissimam
1339 571 1470 646 editio·

227 723 311 772 nem
336 697 513 776 Batavam
540 728 571 776 a.
602 705 699 776 1724
713 711 906 797 receptae,
936 699 1044 771 unius
1070 696 1271 788 leidensis,
1310 698 1470 772 duorum

228 823 499 921 Vossianorum
526 831 588 928 qui
613 855 636 902 a
660 827 764 900 nobis
789 825 901 897 solitis
927 825 1021 898 notis
1039 825 1265 920 appellantur
1281 834 1319 896 et
1336 822 1470 898 eodem

228 951 504 1054 Snakenburgio
530 966 675 1028 auctore
701 949 951 1024 describuntur
976 951 1045 1024 sic:

281 1135 291 1158 .·
331 1085 429 1160 Laid
458 1081 536 1154 cod.
564 1082 699 1154 formae
725 1077 920 1176 quadratae
946 1079 1222 1177 antiquissimus.
1258 1080 1469 1153 charactere

275 1211 428 1306 'paulurn
453 1209 709 1282 obsolescente.
723 1233 784 1286 ,ax
808 1207 975 1282 Biblioth.
1004 1206 1146 1282 Veteris
1172 1209 1352 1282 thesauro.

174 1327 179 1334 ’
340 1335 437 1412 Voss.
468 1340 499 1409 1.
527 1338 693 1435 antiquus
720 1363 806 1410 sane
831 1347 870 1410 et
894 1335 1038 1408 minime
1063 1333 1307 1431 negligendus.

341 1463 438 1540 Voss.
467 1469 500 1539 2.
536 1466 733 1541 recentiore
758 1489 877 1536 mauu.
917 1463 994 1536 sine
1027 1460 1213 1534 indicibus.
1253 1473 1330 1534 tum
1365 1461 1467 1557 siglis

280 1591 390 1666 etiam
416 1604 462 1666 et.
479 1594 626 1693 syllabis
658 1590 849 1664 contractis
883 1601 1040 1666 aetatem
1071 1615 1174 1664 suam
1204 1615 1278 1662 non
1311 1589 1468 1674 multum

213 1771 240 1822 l.
279 1731 464 1815 remotam,
482 1719 649 1819 prodens

344 1845 486 1926 Horum
517 1843 801 1943 quatuordecim
833 1855 886 1916 et·
907 1845 1139 1940 reliquorum,
1179 1869 1269 1941 quos
1300 1846 1465 1942 cognitos

228 1973 420 2065 habemus,
437 1973 618 2056 ‚codicum
643 1969 895 2046 Curtianorum
925 1972 1048 2046 inveni
1082 1973 1172 2046 duas
1197 1997 1276 2046 esse
1303 1973 1465 2062 familias,

230 2124 382 2206 extunc
418 2103 525 2197 libro.
548 2100 709 2196 antiquo
729 2099 854 2172 mutilo
886 2125 953 2178 naa
987 2101 1075 2174 satis
1107 2099 1298 2180 ‚emendate
1330 2101 1465 2197 scripto

230 2239 339 2302 ortas.
390 2209 484 2300 Nam
510 2229 659 2300 lacunae
685 2237 723 2301 et
747 2252 820 2300 una
850 2211 980 2325 magna
1014 2228 1052 2300 in
1086 2227 1257 2325 principio
1284 2227 1402 2324 operis
1428 2235 1465 2298 et

223 2357 344 2430 altera
368 2355 406 2428 in
425 2355 503 2438 fine
538 2355 618 2429 libri
644 2355 758 2451 quinti
790 2355 953 2452 sentique
984 2355 1161 2453 principio
1190 2365 1227 2428 et
1262 2356 1463 2452 complures

226 2484 415 2562 breviores
446 2507 574 2557 versus
605 2482 713 2556 finem
744 2491 829 2556 sunt
860 2481 1006 2556 eaedem
1038 2484 1075 2556 in
1106 2482 1282 2556 omnibus.
1334 2479 1408 2556 Sed
1433 2484 1463 2556 is

231 2610 355 2686 codex¹
373 2611 577 2710 principalis
611 2609 647 2682 in
683 2635 754 2684 una
785 2611 897 2684 classe
931 2611 1114 2701 librorum,
1141 2612 1201 2707 qui
1227 2621 1371 2701 extant,
1397 2609 1465 2684 de·

230 2739 384 2838 scriptus
418 2749 475 2812 cst
505 2736 672 2817 fideliter¹
692 2746 798 2834 atque
833 2736 884 2812 ita
916 2748 1134 2836 propagatus
1161 2764 1184 2811 a
1208 2739 1378 2828 librariis,
1399 2750 1464 2830 ut,

231 2877 375 2966 praeter
401 2866 507 2940 solita
532 2862 711 2938 scribendi
735 2865 838 2954 vitia,
872 2865 958 2938 nihil
993 2866 1040 2938 ad
1066 2877 1225 2940 veterem
1252 2867 1463 2964 scripturam

131 2974 136 2984 ¹
213 2992 532 3086 ·additu1n;,nihil
557 2985 940 3083 consultamutatum,
973 2994 1062 3066 nihil
1088 2993 1134 3067 de
1160 2995 1364 3069 coniectura
1390 3020 1463 3068 cor·

230 3111 370 3198 rectum
394 3123 453 3196 sit
504 3118 563 3194 Ex
588 3119 655 3192 hac
681 3119 793 3192 classe
819 3115 864 3192 de
890 3120 1021 3194 nostris
1048 3122 1146 3196 libris
1173 3133 1258 3196 sunt
1282 3121 1375 3198 aaa.
1392 3122 1462 3197 AB

230 3253 338 3334 Bon
358 3251 394 3325 A
421 3260 460 3323 st
485 3247 532 3321 de
558 3244 881 3343 Snakanbmgiauis
907 3248 1005 3325 Laid.
1041 3249 1189 3340 Vosal,
1217 3251 1290 3323 suis
1317 3250 1462 3347 quisque

230 3378 371 3452 mendis
387 3376 599 3452 „levioribus
634 3374 701 3446 illis
740 3372 883 3470 quidem
921 3375 1069 3466 diversi,
1110 3376 1215 3451 Voss.
1255 3381 1270 3449 l
1304 3377 1463 3450 vitiosior

232 3507 377 3595 ceteris,
413 3503 477 3578 sed
503 3513 642 3582 tamen
658 3525 781 3574 omnes
812 3502 907 3574 inter
932 3529 971 3578 se
996 3529 1169 3602 perquam
1194 3506 1336 3580 similes.
1389 3503 1463 3578 llo·

231 3634 412 3706 rentinum
438 3632 473 3704 A
499 3630 608 3704 etiam
633 3625 707 3700 Nic.
734 3625 902 3704 Heinsius
937 3633 1021 3705 olim
1047 3633 1198 3705 contulit
1224 3657 1336 3729 eaque
1363 3633 1462 3705 colla·

231 3761 283 3833 tio
315 3761 443 3834 silvam
477 3758 693 3831 variantium
727 3755 917 3830 lectionmn
949 3759 1046 3857 apud
1073 3758 1383 3858 Snakenburgium
1408 3785 1462 3832 au·

231 3888 299 3988 xit,-
324 3886 389 3962 sed
414 3887 595 3960 hominem
621 3883 776 3972 doctum,
803 3889 864 3978 qui
890 3912 971 3962 eum
998 3888 1128 3961 librum
1155 3913 1274 3962 meum
1299 3889 1336 3961 in
1363 3913 1461 3962 usum

233 4015 396 4104 contulit,
424 4039 470 4086 ex
496 4017 617 4088 multis
644 4017 865 4092 documentis
891 4027 1041 4114 apparet
1065 4018 1246 4113 aliquanto
1273 4015 1462 4114 diligentio-

233 4141 447 4220 remfuissa
472 4139 630 4233 Heinsio,
657 4145 776 4241 itaque
802 4171 875 4219 non
901 4146 1081 4242 potuimus
1099 4170 1172 4218 non
1190 4153 1350 4236 nostram
1369 4145 1461 4240 sequi

235 4268 481 4359 collationem,
520 4270 589 4341 nisi
623 4272 684 4344 ubi
710 4272 897 4362 intererat,
940 4270 1036 4368 quod
1070 4271 1116 4344 ab
1149 4283 1300 4369 utroque
1328 4269 1461 4345 diversa

235 4396 376 4470 ratione
401 4396 534 4470 lectum
561 4409 664 4487 esset,
691 4409 873 4472 annotare
926 4398 1052 4472 Itidem
1078 4424 1136 4472 res
1164 4424 1241 4472 sese
1262 4399 1372 4472 habet
1388 4423 1459 4470 cum

237 4523 343 4597 Bern.
362 4523 425 4615 Α,
460 4524 560 4598 cuius
586 4549 695 4622 supra
720 4527 1073 4599 commemoravimus
1099 4527 1298 4602 variantem
1323 4527 1459 4624 scriptu·
