<?xml version="1.0" encoding="UTF-8"?>
<!DOCTYPE html PUBLIC "-//W3C//DTD XHTML 1.0 Transitional//EN"
    "http://www.w3.org/TR/xhtml1/DTD/xhtml1-transitional.dtd">
<html xmlns="http://www.w3.org/1999/xhtml" xml:lang="en" lang="en">
 <head>
  <title>
</title>
<meta http-equiv="Content-Type" content="text/html;charset=utf-8" />
  <meta name='ocr-system' content='tesseract 3.04.00' />
  <meta name='ocr-capabilities' content='ocr_page ocr_carea ocr_par ocr_line ocrx_word'/>
</head>
<body>
  <div class='ocr_page' id='page_1' title='image "./qcurtiirufidege03rufugoog_0451.png"; bbox 0 0 3330 5050; ppageno 0'>
   <div class='ocr_carea' id='block_1_1' title="bbox 190 145 984 282">
    <p class='ocr_par' dir='ltr' id='par_1_1' title="bbox 190 145 984 282">
     <span class='ocr_line' id='line_1_1' title="bbox 190 145 984 282; baseline -0.016 0"><span class='ocrx_word' id='word_1_1' title='bbox 190 209 266 282; x_wconf 77' lang='lat'><strong>424</strong></span> <span class='ocrx_word' id='word_1_2' title='bbox 415 145 419 154; x_wconf 21' lang='grc' dir='ltr'>ι</span> <span class='ocrx_word' id='word_1_3' title='bbox 688 217 722 280; x_wconf 83' lang='lat' dir='ltr'><strong>Q·</strong></span> <span class='ocrx_word' id='word_1_4' title='bbox 749 215 873 270; x_wconf 80' lang='lat' dir='ltr'><strong>curru</strong></span> <span class='ocrx_word' id='word_1_5' title='bbox 898 217 984 270; x_wconf 81' lang='lat' dir='ltr'><strong>amn</strong></span> 
     </span>
    </p>
   </div>
   <div class='ocr_carea' id='block_1_2' title="bbox 148 401 1491 3381">
    <p class='ocr_par' dir='ltr' id='par_1_2' title="bbox 189 401 1489 1054">
     <span class='ocr_line' id='line_1_2' title="bbox 189 401 1433 504; baseline -0.001 -30"><span class='ocrx_word' id='word_1_6' title='bbox 189 429 313 504; x_wconf 82' lang='lat' dir='ltr'><strong>regern</strong></span> <span class='ocrx_word' id='word_1_7' title='bbox 346 403 534 498; x_wconf 82' lang='lat' dir='ltr'>conspexit</span> <span class='ocrx_word' id='word_1_8' title='bbox 566 403 756 476; x_wconf 87' lang='lat' dir='ltr'><strong>fluentibus</strong></span> <span class='ocrx_word' id='word_1_9' title='bbox 787 404 955 478; x_wconf 87' lang='lat' dir='ltr'><strong>membris</strong></span> <span class='ocrx_word' id='word_1_10' title='bbox 987 402 1197 498; x_wconf 88' lang='lat' dir='ltr'><strong>omissisque</strong></span> <span class='ocrx_word' id='word_1_11' title='bbox 1229 402 1338 476; x_wconf 86' lang='lat' dir='ltr'><strong>armis</strong></span> <span class='ocrx_word' id='word_1_12' title='bbox 1366 401 1433 474; x_wconf 87' lang='lat' dir='ltr'><strong>vix</strong></span> 
     </span>
     <span class='ocr_line' id='line_1_3' title="bbox 191 513 1489 612; baseline -0.011 -22"><span class='ocrx_word' id='word_1_13' title='bbox 191 525 395 612; x_wconf 87' lang='lat' dir='ltr'><strong>compotem</strong></span> <span class='ocrx_word' id='word_1_14' title='bbox 412 515 551 586; x_wconf 86' lang='lat' dir='ltr'><strong>mentis.</strong></span> <span class='ocrx_word' id='word_1_15' title='bbox 603 515 695 587; x_wconf 85' lang='lat' dir='ltr'><strong>Turn</strong></span> <span class='ocrx_word' id='word_1_16' title='bbox 712 514 853 586; x_wconf 86' lang='lat' dir='ltr'><strong>beluam</strong></span> <span class='ocrx_word' id='word_1_17' title='bbox 872 515 906 585; x_wconf 92' lang='lat' dir='ltr'><strong>in</strong></span> <span class='ocrx_word' id='word_1_18' title='bbox 925 515 1045 607; x_wconf 84' lang='lat' dir='ltr'><strong>fugam</strong></span> <span class='ocrx_word' id='word_1_19' title='bbox 1062 513 1228 601; x_wconf 86' lang='lat' dir='ltr'><strong>concitat,</strong></span> <span class='ocrx_word' id='word_1_20' title='bbox 1255 527 1432 609; x_wconf 88' lang='lat' dir='ltr'><strong>sequente</strong></span> <span class='ocrx_word' id='word_1_21' title='bbox 1452 533 1489 578; x_wconf 80' lang='lat' dir='ltr'><strong>ss</strong></span> 
     </span>
     <span class='ocr_line' id='line_1_4' title="bbox 191 621 1431 723; baseline -0.003 -23"><span class='ocrx_word' id='word_1_22' title='bbox 191 621 421 700; x_wconf 80' lang='lat' dir='ltr'><strong>Alexandro:</strong></span> <span class='ocrx_word' id='word_1_23' title='bbox 449 625 513 698; x_wconf 85' lang='lat' dir='ltr'><strong>scd</strong></span> <span class='ocrx_word' id='word_1_24' title='bbox 539 651 651 723; x_wconf 89' lang='lat' dir='ltr'><strong>equus</strong></span> <span class='ocrx_word' id='word_1_25' title='bbox 677 626 752 698; x_wconf 87' lang='lat' dir='ltr'><strong>eius</strong></span> <span class='ocrx_word' id='word_1_26' title='bbox 777 624 897 696; x_wconf 89' lang='lat' dir='ltr'><strong>multis</strong></span> <span class='ocrx_word' id='word_1_27' title='bbox 923 621 1130 694; x_wconf 88' lang='lat' dir='ltr'><strong>vulneribus</strong></span> <span class='ocrx_word' id='word_1_28' title='bbox 1156 622 1343 696; x_wconf 86' lang='lat' dir='ltr'><strong>confossus</strong></span> <span class='ocrx_word' id='word_1_29' title='bbox 1370 624 1431 696; x_wconf 79' lang='lat' dir='ltr'><strong>de</strong></span> 
     </span>
     <span class='ocr_line' id='line_1_5' title="bbox 191 731 1431 840; baseline -0.005 -30"><span class='ocrx_word' id='word_1_30' title='bbox 191 739 383 840; x_wconf 87' lang='lat' dir='ltr'><strong>ficiensquc</strong></span> <span class='ocrx_word' id='word_1_31' title='bbox 408 738 615 836; x_wconf 81' lang='lat' dir='ltr'><strong>procubuit,</strong></span> <span class='ocrx_word' id='word_1_32' title='bbox 642 737 758 834; x_wconf 85' lang='lat' dir='ltr'><strong>posito</strong></span> <span class='ocrx_word' id='word_1_33' title='bbox 784 733 897 828; x_wconf 80' lang='lat' dir='ltr'><strong>magis</strong></span> <span class='ocrx_word' id='word_1_34' title='bbox 924 755 1022 828; x_wconf 85' lang='lat' dir='ltr'><strong>rege,</strong></span> <span class='ocrx_word' id='word_1_35' title='bbox 1050 755 1157 826; x_wconf 85' lang='lat' dir='ltr'><strong>quam</strong></span> <span class='ocrx_word' id='word_1_36' title='bbox 1183 731 1306 804; x_wconf 87' lang='lat' dir='ltr'><strong>effuso.</strong></span> <span class='ocrx_word' id='word_1_37' title='bbox 1359 731 1431 804; x_wconf 86' lang='lat' dir='ltr'><strong>lta-</strong></span> 
     </span>
     <span class='ocr_line' id='line_1_6' title="bbox 192 840 1488 948; baseline -0.012 -24"><span class='ocrx_word' id='word_1_38' title='bbox 192 879 261 948; x_wconf 87' lang='lat' dir='ltr'><strong>que</strong></span> <span class='ocrx_word' id='word_1_39' title='bbox 287 853 374 926; x_wconf 89' lang='lat' dir='ltr'><strong>dum</strong></span> <span class='ocrx_word' id='word_1_40' title='bbox 401 873 531 944; x_wconf 89' lang='lat' dir='ltr'><strong>equum</strong></span> <span class='ocrx_word' id='word_1_41' title='bbox 558 857 682 932; x_wconf 87' lang='lat' dir='ltr'><strong>mutat,</strong></span> <span class='ocrx_word' id='word_1_42' title='bbox 710 841 844 916; x_wconf 87' lang='lat' dir='ltr'><strong>tardius</strong></span> <span class='ocrx_word' id='word_1_43' title='bbox 871 842 1051 915; x_wconf 87' lang='lat' dir='ltr'><strong>insecutus</strong></span> <span class='ocrx_word' id='word_1_44' title='bbox 1078 852 1143 916; x_wconf 87' lang='lat' dir='ltr'><strong>est.</strong></span> <span class='ocrx_word' id='word_1_45' title='bbox 1187 840 1335 916; x_wconf 86' lang='lat' dir='ltr'>Interim</span> <span class='ocrx_word' id='word_1_46' title='bbox 1360 843 1429 914; x_wconf 85' lang='lat' dir='ltr'><strong>fra-</strong></span> <span class='ocrx_word' id='word_1_47' title='bbox 1450 864 1488 910; x_wconf 79' lang='lat' dir='ltr'><strong>ss</strong></span> 
     </span>
     <span class='ocr_line' id='line_1_7' title="bbox 192 952 1431 1054; baseline -0.009 -18"><span class='ocrx_word' id='word_1_48' title='bbox 192 977 249 1037; x_wconf 82' lang='lat' dir='ltr'><strong>ter</strong></span> <span class='ocrx_word' id='word_1_49' title='bbox 274 963 425 1048; x_wconf 79' lang='lat' dir='ltr'>Taxilis,</span> <span class='ocrx_word' id='word_1_50' title='bbox 453 957 547 1054; x_wconf 81' lang='lat' dir='ltr'><strong>regis</strong></span> <span class='ocrx_word' id='word_1_51' title='bbox 573 953 758 1041; x_wconf 85' lang='lat' dir='ltr'>Indorum,</span> <span class='ocrx_word' id='word_1_52' title='bbox 789 954 1005 1050; x_wconf 86' lang='lat' dir='ltr'><strong>praemissus</strong></span> <span class='ocrx_word' id='word_1_53' title='bbox 1031 954 1077 1027; x_wconf 90' lang='lat' dir='ltr'><strong>ab</strong></span> <span class='ocrx_word' id='word_1_54' title='bbox 1103 952 1331 1046; x_wconf 84' lang='lat' dir='ltr'><strong>Alexandro,</strong></span> <span class='ocrx_word' id='word_1_55' title='bbox 1356 979 1431 1026; x_wconf 91' lang='lat' dir='ltr'><strong>rno-</strong></span> 
     </span>
    </p>

    <p class='ocr_par' dir='ltr' id='par_1_3' title="bbox 157 1061 1491 2914">
     <span class='ocr_line' id='line_1_8' title="bbox 157 1061 1431 1168; baseline -0.009 -21"><span class='ocrx_word' id='word_1_56' title='bbox 157 1159 161 1168; x_wconf 59' lang='lat'><strong>,</strong></span> <span class='ocrx_word' id='word_1_57' title='bbox 193 1099 278 1146; x_wconf 91' lang='lat' dir='ltr'><strong>nere</strong></span> <span class='ocrx_word' id='word_1_58' title='bbox 304 1073 422 1168; x_wconf 88' lang='lat' dir='ltr'><strong>coepit</strong></span> <span class='ocrx_word' id='word_1_59' title='bbox 446 1067 596 1154; x_wconf 91' lang='lat' dir='ltr'><strong>Porum,</strong></span> <span class='ocrx_word' id='word_1_60' title='bbox 627 1089 673 1136; x_wconf 90' lang='lat' dir='ltr'><strong>ne</strong></span> <span class='ocrx_word' id='word_1_61' title='bbox 698 1063 823 1138; x_wconf 90' lang='lat' dir='ltr'><strong>ultima</strong></span> <span class='ocrx_word' id='word_1_62' title='bbox 847 1066 1002 1164; x_wconf 87' lang='lat' dir='ltr'><strong>experiri</strong></span> <span class='ocrx_word' id='word_1_63' title='bbox 1027 1075 1292 1163; x_wconf 86' lang='lat' dir='ltr'><strong>perseveraret,</strong></span> <span class='ocrx_word' id='word_1_64' title='bbox 1324 1061 1431 1136; x_wconf 78' lang='lat' dir='ltr'><strong>dede</strong></span> 
     </span>
     <span class='ocr_line' id='line_1_9' title="bbox 191 1175 1488 1278; baseline -0.012 -22"><span class='ocrx_word' id='word_1_65' title='bbox 191 1195 319 1278; x_wconf 87' lang='lat' dir='ltr'><strong>retque</strong></span> <span class='ocrx_word' id='word_1_66' title='bbox 338 1207 377 1254; x_wconf 90' lang='lat' dir='ltr'><strong>se</strong></span> <span class='ocrx_word' id='word_1_67' title='bbox 400 1177 536 1252; x_wconf 87' lang='lat' dir='ltr'><strong>victori.</strong></span> <span class='ocrx_word' id='word_1_68' title='bbox 576 1177 627 1248; x_wconf 88' lang='lat' dir='ltr'><strong>At</strong></span> <span class='ocrx_word' id='word_1_69' title='bbox 647 1175 714 1266; x_wconf 90' lang='lat' dir='ltr'><strong>ille,</strong></span> <span class='ocrx_word' id='word_1_70' title='bbox 740 1201 956 1273; x_wconf 86' lang='lat' dir='ltr'><strong>quamquam</strong></span> <span class='ocrx_word' id='word_1_71' title='bbox 977 1177 1175 1249; x_wconf 82' lang='lat' dir='ltr'><strong>exhaustae</strong></span> <span class='ocrx_word' id='word_1_72' title='bbox 1199 1184 1304 1248; x_wconf 91' lang='lat' dir='ltr'><strong>erant</strong></span> <span class='ocrx_word' id='word_1_73' title='bbox 1324 1175 1431 1264; x_wconf 88' lang='lat' dir='ltr'><strong>vires,</strong></span> <span class='ocrx_word' id='word_1_74' title='bbox 1449 1194 1488 1242; x_wconf 84' lang='lat' dir='ltr'><strong>se</strong></span> 
     </span>
     <span class='ocr_line' id='line_1_10' title="bbox 193 1283 1431 1390; baseline -0.01 -24"><span class='ocrx_word' id='word_1_75' title='bbox 193 1291 452 1390; x_wconf 82' lang='lat' dir='ltr'><strong>deficiebatque</strong></span> <span class='ocrx_word' id='word_1_76' title='bbox 486 1287 650 1386; x_wconf 81' lang='lat' dir='ltr'><strong>sanguis,</strong></span> <span class='ocrx_word' id='word_1_77' title='bbox 695 1297 813 1360; x_wconf 86' lang='lat' dir='ltr'><strong>tamen</strong></span> <span class='ocrx_word' id='word_1_78' title='bbox 846 1285 894 1358; x_wconf 84' lang='lat' dir='ltr'><strong>ad</strong></span> <span class='ocrx_word' id='word_1_79' title='bbox 931 1295 1056 1357; x_wconf 89' lang='lat' dir='ltr'><strong>notam</strong></span> <span class='ocrx_word' id='word_1_80' title='bbox 1090 1307 1218 1356; x_wconf 90' lang='lat' dir='ltr'><strong>vocem</strong></span> <span class='ocrx_word' id='word_1_81' title='bbox 1252 1283 1431 1356; x_wconf 86' lang='lat' dir='ltr'><strong>excitatus</strong></span> 
     </span>
     <span class='ocr_line' id='line_1_11' title="bbox 192 1393 1432 1502; baseline -0.007 -25"><span class='ocrx_word' id='word_1_82' title='bbox 192 1403 364 1502; x_wconf 79' lang='lat' dir='ltr'><strong>Aprrooro,</strong></span> <span class='ocrx_word' id='word_1_83' title='bbox 389 1401 519 1499; x_wconf 88' lang='lat' dir='ltr'><strong>inquit,</strong></span> <span class='ocrx_word' id='word_1_84' title='bbox 555 1399 690 1474; x_wconf 76' lang='lat' dir='ltr'><strong>Tacitis</strong></span> <span class='ocrx_word' id='word_1_85' title='bbox 710 1401 873 1498; x_wconf 62' lang='lat' dir='ltr'><strong>frarem,</strong></span> <span class='ocrx_word' id='word_1_86' title='bbox 898 1395 1033 1494; x_wconf 61' lang='lat' dir='ltr'><strong>&amp;imperii</strong></span> <span class='ocrx_word' id='word_1_87' title='bbox 1056 1395 1220 1495; x_wconf 74' lang='lat' dir='ltr'><strong>rrprre’que¹</strong></span> <span class='ocrx_word' id='word_1_88' title='bbox 1238 1395 1297 1470; x_wconf 80' lang='lat' dir='ltr'><strong>sui</strong></span> <span class='ocrx_word' id='word_1_89' title='bbox 1318 1393 1432 1493; x_wconf 67' lang='lat' dir='ltr'><strong>prodi</strong></span> 
     </span>
     <span class='ocr_line' id='line_1_12' title="bbox 195 1505 1434 1605; baseline -0.01 -15"><span class='ocrx_word' id='word_1_90' title='bbox 195 1513 294 1589; x_wconf 74' lang='lat' dir='ltr'><strong>toris:</strong></span> <span class='ocrx_word' id='word_1_91' title='bbox 325 1525 363 1588; x_wconf 90' lang='lat' dir='ltr'><strong>et</strong></span> <span class='ocrx_word' id='word_1_92' title='bbox 390 1513 518 1600; x_wconf 83' lang='lat' dir='ltr'><strong>telum,</strong></span> <span class='ocrx_word' id='word_1_93' title='bbox 549 1509 647 1605; x_wconf 90' lang='lat' dir='ltr'><strong>quod</strong></span> <span class='ocrx_word' id='word_1_94' title='bbox 672 1533 782 1581; x_wconf 89' lang='lat' dir='ltr'><strong>unum</strong></span> <span class='ocrx_word' id='word_1_95' title='bbox 808 1509 900 1581; x_wconf 88' lang='lat' dir='ltr'><strong>sorte</strong></span> <span class='ocrx_word' id='word_1_96' title='bbox 925 1532 998 1579; x_wconf 93' lang='lat' dir='ltr'><strong>non</strong></span> <span class='ocrx_word' id='word_1_97' title='bbox 1026 1507 1233 1597; x_wconf 89' lang='lat' dir='ltr'><strong>effluxerat,</strong></span> <span class='ocrx_word' id='word_1_98' title='bbox 1258 1505 1434 1580; x_wconf 82' lang='lat' dir='ltr'><strong>contorsit</strong></span> 
     </span>
     <span class='ocr_line' id='line_1_13' title="bbox 195 1615 1433 1718; baseline -0.008 -19"><span class='ocrx_word' id='word_1_99' title='bbox 195 1627 232 1699; x_wconf 93' lang='lat' dir='ltr'><strong>in</strong></span> <span class='ocrx_word' id='word_1_100' title='bbox 266 1649 363 1698; x_wconf 88' lang='lat' dir='ltr'><strong>eum:</strong></span> <span class='ocrx_word' id='word_1_101' title='bbox 400 1622 497 1718; x_wconf 93' lang='lat' dir='ltr'><strong>quod</strong></span> <span class='ocrx_word' id='word_1_102' title='bbox 529 1645 593 1716; x_wconf 93' lang='lat' dir='ltr'><strong>per</strong></span> <span class='ocrx_word' id='word_1_103' title='bbox 624 1616 780 1691; x_wconf 92' lang='lat' dir='ltr'><strong>medium</strong></span> <span class='ocrx_word' id='word_1_104' title='bbox 811 1629 936 1716; x_wconf 87' lang='lat' dir='ltr'><strong>pectus</strong></span> <span class='ocrx_word' id='word_1_105' title='bbox 967 1617 1171 1718; x_wconf 85' lang='lat' dir='ltr'><strong>penetravit</strong></span> <span class='ocrx_word' id='word_1_106' title='bbox 1201 1615 1249 1690; x_wconf 88' lang='lat' dir='ltr'><strong>ad</strong></span> <span class='ocrx_word' id='word_1_107' title='bbox 1280 1627 1433 1716; x_wconf 83' lang='lat' dir='ltr'><strong>tergum.</strong></span> 
     </span>
     <span class='ocr_line' id='line_1_14' title="bbox 196 1727 1488 1828; baseline -0.01 -20"><span class='ocrx_word' id='word_1_108' title='bbox 196 1733 277 1808; x_wconf 88' lang='lat' dir='ltr'><strong>Hoc</strong></span> <span class='ocrx_word' id='word_1_109' title='bbox 303 1733 429 1807; x_wconf 87' lang='lat' dir='ltr'><strong>ultimo</strong></span> <span class='ocrx_word' id='word_1_110' title='bbox 453 1729 598 1804; x_wconf 88' lang='lat' dir='ltr'><strong>virtutis</strong></span> <span class='ocrx_word' id='word_1_111' title='bbox 625 1752 732 1827; x_wconf 92' lang='lat' dir='ltr'><strong>opere</strong></span> <span class='ocrx_word' id='word_1_112' title='bbox 758 1727 870 1818; x_wconf 86' lang='lat' dir='ltr'><strong>edito,</strong></span> <span class='ocrx_word' id='word_1_113' title='bbox 904 1729 1028 1826; x_wconf 85' lang='lat' dir='ltr'><strong>sugere</strong></span> <span class='ocrx_word' id='word_1_114' title='bbox 1053 1729 1171 1802; x_wconf 86' lang='lat' dir='ltr'><strong>aerius</strong></span> <span class='ocrx_word' id='word_1_115' title='bbox 1196 1729 1334 1828; x_wconf 90' lang='lat' dir='ltr'><strong>coepit:</strong></span> <span class='ocrx_word' id='word_1_116' title='bbox 1369 1727 1434 1802; x_wconf 89' lang='lat' dir='ltr'><strong>sed</strong></span> <span class='ocrx_word' id='word_1_117' title='bbox 1452 1743 1488 1796; x_wconf 73' lang='grc' dir='ltr'><strong>ιι</strong></span> 
     </span>
     <span class='ocr_line' id='line_1_15' title="bbox 198 1838 1433 1942; baseline -0.003 -24"><span class='ocrx_word' id='word_1_118' title='bbox 198 1843 409 1942; x_wconf 83' lang='lat' dir='ltr'>elephantus</span> <span class='ocrx_word' id='word_1_119' title='bbox 441 1865 598 1938; x_wconf 91' lang='lat' dir='ltr'><strong>quoque,</strong></span> <span class='ocrx_word' id='word_1_120' title='bbox 640 1839 700 1936; x_wconf 92' lang='lat' dir='ltr'><strong>qui</strong></span> <span class='ocrx_word' id='word_1_121' title='bbox 738 1842 852 1913; x_wconf 86' lang='lat' dir='ltr'><strong>multa</strong></span> <span class='ocrx_word' id='word_1_122' title='bbox 883 1851 1075 1937; x_wconf 83' lang='lat' dir='ltr'><strong>exceperat</strong></span> <span class='ocrx_word' id='word_1_123' title='bbox 1107 1839 1196 1930; x_wconf 87' lang='lat' dir='ltr'><strong>tela,</strong></span> <span class='ocrx_word' id='word_1_124' title='bbox 1235 1838 1433 1916; x_wconf 79' lang='lat' dir='ltr'><strong>deficiebat</strong></span> 
     </span>
     <span class='ocr_line' id='line_1_16' title="bbox 196 1947 1491 2052; baseline -0.008 -23"><span class='ocrx_word' id='word_1_125' title='bbox 196 1954 324 2052; x_wconf 87' lang='lat' dir='ltr'><strong>Itaque</strong></span> <span class='ocrx_word' id='word_1_126' title='bbox 350 1954 444 2028; x_wconf 87' lang='lat' dir='ltr'><strong>sistit</strong></span> <span class='ocrx_word' id='word_1_127' title='bbox 469 1953 601 2050; x_wconf 84' lang='lat' dir='ltr'><strong>fugam,</strong></span> <span class='ocrx_word' id='word_1_128' title='bbox 628 1947 852 2049; x_wconf 88' lang='lat' dir='ltr'><strong>peditemque</strong></span> <span class='ocrx_word' id='word_1_129' title='bbox 874 1952 1037 2046; x_wconf 86' lang='lat' dir='ltr'><strong>sequenti</strong></span> <span class='ocrx_word' id='word_1_130' title='bbox 1058 1951 1154 2024; x_wconf 85' lang='lat' dir='ltr'><strong>hosti</strong></span> <span class='ocrx_word' id='word_1_131' title='bbox 1177 1951 1318 2026; x_wconf 86' lang='lat' dir='ltr'><strong>obiecit</strong></span> <span class='ocrx_word' id='word_1_132' title='bbox 1357 1948 1434 2022; x_wconf 90' lang='lat' dir='ltr'><strong>Iam</strong></span> <span class='ocrx_word' id='word_1_133' title='bbox 1453 1969 1491 2018; x_wconf 83' lang='lat' dir='ltr'><strong>sa</strong></span> 
     </span>
     <span class='ocr_line' id='line_1_17' title="bbox 197 2061 1435 2160; baseline -0.004 -21"><span class='ocrx_word' id='word_1_134' title='bbox 197 2063 406 2140; x_wconf 72' lang='lat' dir='ltr'><strong>Alexander</strong></span> <span class='ocrx_word' id='word_1_135' title='bbox 431 2075 644 2137; x_wconf 87' lang='lat' dir='ltr'><strong>consecutus</strong></span> <span class='ocrx_word' id='word_1_136' title='bbox 669 2072 756 2152; x_wconf 86' lang='lat' dir='ltr'><strong>erat,</strong></span> <span class='ocrx_word' id='word_1_137' title='bbox 783 2073 821 2136; x_wconf 87' lang='lat' dir='ltr'><strong>et</strong></span> <span class='ocrx_word' id='word_1_138' title='bbox 840 2061 1035 2160; x_wconf 82' lang='lat' dir='ltr'><strong>pertinacia</strong></span> <span class='ocrx_word' id='word_1_139' title='bbox 1050 2061 1134 2135; x_wconf 87' lang='lat' dir='ltr'><strong>Pori</strong></span> <span class='ocrx_word' id='word_1_140' title='bbox 1155 2064 1310 2160; x_wconf 84' lang='lat' dir='ltr'><strong>cognite,</strong></span> <span class='ocrx_word' id='word_1_141' title='bbox 1336 2071 1435 2136; x_wconf 85' lang='lat' dir='ltr'><strong>veta·</strong></span> 
     </span>
     <span class='ocr_line' id='line_1_18' title="bbox 197 2170 1434 2272; baseline -0.003 -22"><span class='ocrx_word' id='word_1_142' title='bbox 197 2177 262 2250; x_wconf 87' lang='lat' dir='ltr'><strong>bat</strong></span> <span class='ocrx_word' id='word_1_143' title='bbox 287 2173 536 2249; x_wconf 84' lang='lat' dir='ltr'><strong>resistentibus</strong></span> <span class='ocrx_word' id='word_1_144' title='bbox 562 2173 668 2271; x_wconf 85' lang='lat' dir='ltr'><strong>parci.</strong></span> <span class='ocrx_word' id='word_1_145' title='bbox 720 2170 816 2271; x_wconf 87' lang='lat' dir='ltr'><strong>Ergo</strong></span> <span class='ocrx_word' id='word_1_146' title='bbox 841 2170 998 2269; x_wconf 91' lang='lat' dir='ltr'><strong>undique</strong></span> <span class='ocrx_word' id='word_1_147' title='bbox 1030 2184 1069 2246; x_wconf 90' lang='lat' dir='ltr'><strong>et</strong></span> <span class='ocrx_word' id='word_1_148' title='bbox 1098 2173 1136 2248; x_wconf 92' lang='lat' dir='ltr'><strong>in</strong></span> <span class='ocrx_word' id='word_1_149' title='bbox 1166 2173 1307 2272; x_wconf 86' lang='lat' dir='ltr'><strong>pedites</strong></span> <span class='ocrx_word' id='word_1_150' title='bbox 1334 2187 1372 2250; x_wconf 87' lang='lat' dir='ltr'><strong>et</strong></span> <span class='ocrx_word' id='word_1_151' title='bbox 1396 2175 1434 2246; x_wconf 94' lang='lat' dir='ltr'><strong>in</strong></span> 
     </span>
     <span class='ocr_line' id='line_1_19' title="bbox 197 2283 1434 2387; baseline -0.002 -27"><span class='ocrx_word' id='word_1_152' title='bbox 197 2287 316 2386; x_wconf 86' lang='lat' dir='ltr'><strong>ipsum</strong></span> <span class='ocrx_word' id='word_1_153' title='bbox 349 2285 484 2359; x_wconf 91' lang='lat' dir='ltr'><strong>Porum</strong></span> <span class='ocrx_word' id='word_1_154' title='bbox 519 2286 591 2358; x_wconf 89' lang='lat' dir='ltr'><strong>tela</strong></span> <span class='ocrx_word' id='word_1_155' title='bbox 625 2294 794 2380; x_wconf 85' lang='lat' dir='ltr'><strong>congesta</strong></span> <span class='ocrx_word' id='word_1_156' title='bbox 827 2293 930 2356; x_wconf 85' lang='lat' dir='ltr'><strong>sunt:</strong></span> <span class='ocrx_word' id='word_1_157' title='bbox 967 2283 1046 2379; x_wconf 82' lang='lat' dir='ltr'><strong>quis</strong></span> <span class='ocrx_word' id='word_1_158' title='bbox 1080 2284 1227 2359; x_wconf 81' lang='lat' dir='ltr'><strong>tandem</strong></span> <span class='ocrx_word' id='word_1_159' title='bbox 1259 2297 1434 2387; x_wconf 78' lang='lat' dir='ltr'><strong>gravatus</strong></span> 
     </span>
     <span class='ocr_line' id='line_1_20' title="bbox 197 2391 1487 2494; baseline -0.004 -24"><span class='ocrx_word' id='word_1_160' title='bbox 197 2397 271 2472; x_wconf 87' lang='lat' dir='ltr'><strong>labi</strong></span> <span class='ocrx_word' id='word_1_161' title='bbox 297 2423 344 2472; x_wconf 84' lang='lat' dir='ltr'><strong>ex</strong></span> <span class='ocrx_word' id='word_1_162' title='bbox 369 2396 478 2470; x_wconf 90' lang='lat' dir='ltr'><strong>belua</strong></span> <span class='ocrx_word' id='word_1_163' title='bbox 501 2397 627 2494; x_wconf 83' lang='lat' dir='ltr'><strong>coepit</strong></span> <span class='ocrx_word' id='word_1_164' title='bbox 678 2391 804 2486; x_wconf 89' lang='lat' dir='ltr'><strong>Indus,</strong></span> <span class='ocrx_word' id='word_1_165' title='bbox 835 2395 896 2490; x_wconf 91' lang='lat' dir='ltr'><strong>qui</strong></span> <span class='ocrx_word' id='word_1_166' title='bbox 922 2394 1153 2491; x_wconf 84' lang='lat' dir='ltr'><strong>elephantum</strong></span> <span class='ocrx_word' id='word_1_167' title='bbox 1176 2394 1343 2492; x_wconf 87' lang='lat' dir='ltr'><strong>regebat,</strong></span> <span class='ocrx_word' id='word_1_168' title='bbox 1373 2395 1434 2471; x_wconf 93' lang='lat' dir='ltr'><strong>de·</strong></span> <span class='ocrx_word' id='word_1_169' title='bbox 1453 2417 1487 2466; x_wconf 80' lang='lat' dir='ltr'><strong>ss</strong></span> 
     </span>
     <span class='ocr_line' id='line_1_21' title="bbox 198 2505 1432 2604; baseline -0.001 -22"><span class='ocrx_word' id='word_1_170' title='bbox 198 2507 369 2582; x_wconf 88' lang='lat' dir='ltr'><strong>scendere</strong></span> <span class='ocrx_word' id='word_1_171' title='bbox 395 2531 476 2580; x_wconf 91' lang='lat' dir='ltr'><strong>eum</strong></span> <span class='ocrx_word' id='word_1_172' title='bbox 503 2519 620 2596; x_wconf 88' lang='lat' dir='ltr'><strong>ratus,</strong></span> <span class='ocrx_word' id='word_1_173' title='bbox 660 2529 759 2578; x_wconf 92' lang='lat' dir='ltr'><strong>more</strong></span> <span class='ocrx_word' id='word_1_174' title='bbox 793 2507 898 2579; x_wconf 89' lang='lat' dir='ltr'><strong>solito</strong></span> <span class='ocrx_word' id='word_1_175' title='bbox 932 2505 1163 2602; x_wconf 80' lang='lat' dir='ltr'><strong>elephantum</strong></span> <span class='ocrx_word' id='word_1_176' title='bbox 1196 2507 1432 2604; x_wconf 77' lang='lat' dir='ltr'><strong>procumbere</strong></span> 
     </span>
     <span class='ocr_line' id='line_1_22' title="bbox 197 2615 1433 2716; baseline -0.001 -25"><span class='ocrx_word' id='word_1_177' title='bbox 197 2620 303 2692; x_wconf 87' lang='lat' dir='ltr'><strong>iussit</strong></span> <span class='ocrx_word' id='word_1_178' title='bbox 327 2619 364 2690; x_wconf 92' lang='lat' dir='ltr'><strong>in</strong></span> <span class='ocrx_word' id='word_1_179' title='bbox 389 2642 526 2716; x_wconf 86' lang='lat' dir='ltr'><strong>genua:</strong></span> <span class='ocrx_word' id='word_1_180' title='bbox 554 2619 614 2714; x_wconf 90' lang='lat' dir='ltr'><strong>qui</strong></span> <span class='ocrx_word' id='word_1_181' title='bbox 640 2628 681 2690; x_wconf 93' lang='lat' dir='ltr'><strong>ut</strong></span> <span class='ocrx_word' id='word_1_182' title='bbox 706 2641 744 2690; x_wconf 85' lang='lat' dir='ltr'><strong>se</strong></span> <span class='ocrx_word' id='word_1_183' title='bbox 766 2617 938 2706; x_wconf 84' lang='lat' dir='ltr'><strong>submisit,</strong></span> <span class='ocrx_word' id='word_1_184' title='bbox 965 2615 1074 2688; x_wconf 82' lang='lat' dir='ltr'><strong>ceteri</strong></span> <span class='ocrx_word' id='word_1_185' title='bbox 1091 2640 1244 2714; x_wconf 90' lang='lat' dir='ltr'><strong>quoque,</strong></span> <span class='ocrx_word' id='word_1_186' title='bbox 1268 2616 1322 2690; x_wconf 83' lang='lat' dir='ltr'><strong>ita</strong></span> <span class='ocrx_word' id='word_1_187' title='bbox 1338 2617 1433 2690; x_wconf 86' lang='lat' dir='ltr'><strong>enirn</strong></span> 
     </span>
     <span class='ocr_line' id='line_1_23' title="bbox 198 2725 1434 2826; baseline 0.002 -26"><span class='ocrx_word' id='word_1_188' title='bbox 198 2729 353 2802; x_wconf 87' lang='lat' dir='ltr'><strong>instituti</strong></span> <span class='ocrx_word' id='word_1_189' title='bbox 387 2739 507 2820; x_wconf 85' lang='lat' dir='ltr'><strong>erant,</strong></span> <span class='ocrx_word' id='word_1_190' title='bbox 551 2728 722 2802; x_wconf 88' lang='lat' dir='ltr'><strong>demisere</strong></span> <span class='ocrx_word' id='word_1_191' title='bbox 757 2751 908 2826; x_wconf 88' lang='lat' dir='ltr'><strong>corpora</strong></span> <span class='ocrx_word' id='word_1_192' title='bbox 940 2725 977 2796; x_wconf 90' lang='lat' dir='ltr'><strong>in</strong></span> <span class='ocrx_word' id='word_1_193' title='bbox 1012 2734 1155 2800; x_wconf 79' lang='lat' dir='ltr'><strong>temam.</strong></span> <span class='ocrx_word' id='word_1_194' title='bbox 1212 2726 1269 2802; x_wconf 85' lang='lat' dir='ltr'><strong>Ea</strong></span> <span class='ocrx_word' id='word_1_195' title='bbox 1302 2753 1361 2802; x_wconf 89' lang='lat' dir='ltr'><strong>res</strong></span> <span class='ocrx_word' id='word_1_196' title='bbox 1396 2739 1434 2802; x_wconf 88' lang='lat' dir='ltr'><strong>et</strong></span> 
     </span>
     <span class='ocr_line' id='line_1_24' title="bbox 198 2836 962 2914; baseline -0.005 0"><span class='ocrx_word' id='word_1_197' title='bbox 198 2839 334 2914; x_wconf 88' lang='lat' dir='ltr'><strong>Porum</strong></span> <span class='ocrx_word' id='word_1_198' title='bbox 360 2850 398 2913; x_wconf 93' lang='lat' dir='ltr'><strong>et</strong></span> <span class='ocrx_word' id='word_1_199' title='bbox 422 2851 560 2914; x_wconf 85' lang='lat' dir='ltr'><strong>ceteros</strong></span> <span class='ocrx_word' id='word_1_200' title='bbox 586 2838 779 2913; x_wconf 85' lang='lat' dir='ltr'><strong>victoribus</strong></span> <span class='ocrx_word' id='word_1_201' title='bbox 805 2836 962 2912; x_wconf 79' lang='lat' dir='ltr'><strong>tradidit</strong></span> 
     </span>
    </p>

    <p class='ocr_par' dir='ltr' id='par_1_4' title="bbox 148 2947 1489 3381">
     <span class='ocr_line' id='line_1_25' title="bbox 148 2947 1489 3048; baseline 0.001 -25"><span class='ocrx_word' id='word_1_202' title='bbox 148 2953 194 3024; x_wconf 87' lang='lat'><strong>51</strong></span> <span class='ocrx_word' id='word_1_203' title='bbox 252 2951 254 2958; x_wconf 59' lang='lat'>‘</span> <span class='ocrx_word' id='word_1_204' title='bbox 300 2949 381 3024; x_wconf 87' lang='lat' dir='ltr'><strong>Rex</strong></span> <span class='ocrx_word' id='word_1_205' title='bbox 413 2950 556 3048; x_wconf 87' lang='lat' dir='ltr'><strong>spoliari</strong></span> <span class='ocrx_word' id='word_1_206' title='bbox 587 2974 715 3048; x_wconf 87' lang='lat' dir='ltr'><strong>corpus</strong></span> <span class='ocrx_word' id='word_1_207' title='bbox 741 2947 840 3038; x_wconf 89' lang='lat' dir='ltr'><strong>Pori,</strong></span> <span class='ocrx_word' id='word_1_208' title='bbox 876 2949 1130 3045; x_wconf 89' lang='lat' dir='ltr'><strong>interemptum</strong></span> <span class='ocrx_word' id='word_1_209' title='bbox 1162 2973 1242 3024; x_wconf 87' lang='lat' dir='ltr'><strong>esse</strong></span> <span class='ocrx_word' id='word_1_210' title='bbox 1273 2951 1434 3041; x_wconf 83' lang='lat' dir='ltr'><strong>credens,</strong></span> <span class='ocrx_word' id='word_1_211' title='bbox 1451 2971 1489 3019; x_wconf 85' lang='lat'><strong>⁴⁰</strong></span> 
     </span>
     <span class='ocr_line' id='line_1_26' title="bbox 197 3059 1432 3157; baseline 0.002 -23"><span class='ocrx_word' id='word_1_212' title='bbox 197 3061 320 3152; x_wconf 85' lang='lat' dir='ltr'><strong>iubet,</strong></span> <span class='ocrx_word' id='word_1_213' title='bbox 349 3073 387 3135; x_wconf 89' lang='lat' dir='ltr'><strong>et</strong></span> <span class='ocrx_word' id='word_1_214' title='bbox 410 3062 471 3157; x_wconf 90' lang='lat' dir='ltr'><strong>qui</strong></span> <span class='ocrx_word' id='word_1_215' title='bbox 502 3059 732 3136; x_wconf 86' lang='lat' dir='ltr'><strong>detraherent</strong></span> <span class='ocrx_word' id='word_1_216' title='bbox 762 3061 907 3134; x_wconf 88' lang='lat' dir='ltr'><strong>loricam</strong></span> <span class='ocrx_word' id='word_1_217' title='bbox 938 3068 1163 3157; x_wconf 86' lang='lat' dir='ltr'><strong>vestemque,</strong></span> <span class='ocrx_word' id='word_1_218' title='bbox 1202 3085 1432 3154; x_wconf 81' lang='lat' dir='ltr'><strong>concurrere3</strong></span> 
     </span>
     <span class='ocr_line' id='line_1_27' title="bbox 200 3170 1435 3274; baseline 0.002 -30"><span class='ocrx_word' id='word_1_219' title='bbox 200 3197 281 3270; x_wconf 86' lang='lat' dir='ltr'><strong>curn</strong></span> <span class='ocrx_word' id='word_1_220' title='bbox 316 3172 423 3245; x_wconf 92' lang='lat' dir='ltr'><strong>belua</strong></span> <span class='ocrx_word' id='word_1_221' title='bbox 456 3171 638 3244; x_wconf 91' lang='lat' dir='ltr'><strong>dominum</strong></span> <span class='ocrx_word' id='word_1_222' title='bbox 672 3173 763 3246; x_wconf 86' lang='lat' dir='ltr'><strong>tueri</strong></span> <span class='ocrx_word' id='word_1_223' title='bbox 796 3181 833 3244; x_wconf 91' lang='lat' dir='ltr'><strong>et</strong></span> <span class='ocrx_word' id='word_1_224' title='bbox 867 3170 1060 3268; x_wconf 89' lang='lat' dir='ltr'><strong>spoliantes</strong></span> <span class='ocrx_word' id='word_1_225' title='bbox 1100 3172 1219 3274; x_wconf 85' lang='lat' dir='ltr'><strong>eoepit</strong></span> <span class='ocrx_word' id='word_1_226' title='bbox 1253 3187 1435 3273; x_wconf 88' lang='lat' dir='ltr'><strong>appetere,</strong></span> 
     </span>
     <span class='ocr_line' id='line_1_28' title="bbox 198 3281 1434 3381; baseline 0.002 -27"><span class='ocrx_word' id='word_1_227' title='bbox 198 3283 429 3380; x_wconf 79' lang='lat' dir='ltr'><strong>levatumque</strong></span> <span class='ocrx_word' id='word_1_228' title='bbox 454 3306 583 3380; x_wconf 87' lang='lat' dir='ltr'><strong>corpus</strong></span> <span class='ocrx_word' id='word_1_229' title='bbox 610 3283 684 3356; x_wconf 86' lang='lat' dir='ltr'><strong>eius</strong></span> <span class='ocrx_word' id='word_1_230' title='bbox 709 3305 832 3358; x_wconf 86' lang='lat' dir='ltr'><strong>rursus</strong></span> <span class='ocrx_word' id='word_1_231' title='bbox 858 3281 967 3354; x_wconf 87' lang='lat' dir='ltr'><strong>dorso</strong></span> <span class='ocrx_word' id='word_1_232' title='bbox 993 3307 1059 3355; x_wconf 88' lang='lat' dir='ltr'><strong>suo</strong></span> <span class='ocrx_word' id='word_1_233' title='bbox 1092 3281 1285 3380; x_wconf 85' lang='lat' dir='ltr'><strong>imponere</strong></span> <span class='ocrx_word' id='word_1_234' title='bbox 1337 3283 1434 3381; x_wconf 86' lang='lat' dir='ltr'><strong>Ergo</strong></span> 
     </span>
    </p>
   </div>
   <div class='ocr_carea' id='block_1_3' title="bbox 199 3566 1437 3946">
    <p class='ocr_par' dir='ltr' id='par_1_5' title="bbox 199 3566 1437 3946">
     <span class='ocr_line' id='line_1_29' title="bbox 234 3566 1436 3640; baseline 0 -18"><span class='ocrx_word' id='word_1_235' title='bbox 234 3566 353 3638; x_wconf 74' lang='lat' dir='ltr'><strong>Capto,</strong></span> <span class='ocrx_word' id='word_1_236' title='bbox 372 3571 449 3634; x_wconf 74' lang='lat' dir='ltr'><strong>§.tta</strong></span> <span class='ocrx_word' id='word_1_237' title='bbox 485 3568 607 3637; x_wconf 67' lang='lat' dir='ltr'><strong>reqniqm</strong></span> <span class='ocrx_word' id='word_1_238' title='bbox 624 3567 667 3621; x_wconf 79' lang='lat' dir='ltr'><strong>roi</strong></span> <span class='ocrx_word' id='word_1_239' title='bbox 679 3569 798 3637; x_wconf 65' lang='lat' dir='ltr'><strong>predbo-</strong></span> <span class='ocrx_word' id='word_1_240' title='bbox 831 3567 951 3622; x_wconf 79' lang='lat' dir='ltr'><strong>hosubus</strong></span> <span class='ocrx_word' id='word_1_241' title='bbox 985 3569 1172 3640; x_wconf 84' lang='lat' dir='ltr'><strong>congrediente</strong></span> <span class='ocrx_word' id='word_1_242' title='bbox 1206 3585 1355 3624; x_wconf 85' lang='lat' dir='ltr'><strong>sermonem</strong></span> <span class='ocrx_word' id='word_1_243' title='bbox 1378 3585 1436 3622; x_wconf 82' lang='lat' dir='ltr'><strong>esse</strong></span> 
     </span>
     <span class='ocr_line' id='line_1_30' title="bbox 199 3634 1436 3756; baseline 0.002 -67"><span class='ocrx_word' id='word_1_244' title='bbox 199 3636 251 3708; x_wconf 72' lang='lat' dir='ltr'><strong>ris]</strong></span> <span class='ocrx_word' id='word_1_245' title='bbox 278 3634 438 3756; x_wconf 58' lang='lat' dir='ltr'><strong>Legebatnr</strong></span> <span class='ocrx_word' id='word_1_246' title='bbox 452 3635 535 3717; x_wconf 78' lang='lat' dir='ltr'><strong>¹vulgo</strong></span> <span class='ocrx_word' id='word_1_247' title='bbox 552 3637 729 3705; x_wconf 80' lang='lat' dir='ltr'><strong>proditorem,</strong></span> <span class='ocrx_word' id='word_1_248' title='bbox 751 3637 798 3716; x_wconf 64' lang='lat' dir='ltr'><strong>sed</strong></span> <span class='ocrx_word' id='word_1_249' title='bbox 831 3635 1086 3716; x_wconf 76' lang='lat' dir='ltr'><strong>sequentisdooent,</strong></span> <span class='ocrx_word' id='word_1_250' title='bbox 1103 3637 1286 3720; x_wconf 70' lang='lat' dir='ltr'><strong>sedopposnit</strong></span> <span class='ocrx_word' id='word_1_251' title='bbox 1302 3637 1347 3691; x_wconf 87' lang='lat' dir='ltr'><strong>ille</strong></span> <span class='ocrx_word' id='word_1_252' title='bbox 1363 3636 1436 3709; x_wconf 88' lang='lat' dir='ltr'><strong>quio-</strong></span> 
     </span>
     <span class='ocr_line' id='line_1_31' title="bbox 199 3703 1437 3786; baseline 0.001 -29"><span class='ocrx_word' id='word_1_253' title='bbox 199 3721 260 3785; x_wconf 72' lang='lat' dir='ltr'><strong>cnm</strong></span> <span class='ocrx_word' id='word_1_254' title='bbox 276 3703 323 3757; x_wconf 86' lang='lat' dir='ltr'><strong>rllu</strong></span> <span class='ocrx_word' id='word_1_255' title='bbox 359 3719 504 3784; x_wconf 75' lang='lat' dir='ltr'><strong>oonncum</strong></span> <span class='ocrx_word' id='word_1_256' title='bbox 520 3721 548 3757; x_wconf 92' lang='grc' dir='ltr'><strong>ιιι</strong></span> <span class='ocrx_word' id='word_1_257' title='bbox 570 3703 679 3784; x_wconf 69' lang='lat' dir='ltr'><strong>fratrem</strong></span> <span class='ocrx_word' id='word_1_258' title='bbox 696 3704 798 3785; x_wconf 60' lang='lat' dir='ltr'><strong>Taxilis</strong></span> <span class='ocrx_word' id='word_1_259' title='bbox 832 3705 895 3776; x_wconf 80' lang='lat' dir='ltr'><strong>quid</strong></span> <span class='ocrx_word' id='word_1_260' title='bbox 921 3705 1040 3786; x_wconf 72' lang='lat' dir='ltr'><strong>peditum</strong></span> <span class='ocrx_word' id='word_1_261' title='bbox 1061 3705 1147 3761; x_wconf 79' lang='lat' dir='ltr'><strong>adhuc</strong></span> <span class='ocrx_word' id='word_1_262' title='bbox 1168 3723 1238 3762; x_wconf 73' lang='lat' dir='ltr'><strong>erres</strong></span> <span class='ocrx_word' id='word_1_263' title='bbox 1263 3725 1352 3778; x_wconf 83' lang='lat' dir='ltr'><strong>rpsum</strong></span> <span class='ocrx_word' id='word_1_264' title='bbox 1378 3713 1437 3759; x_wconf 72' lang='lat' dir='ltr'><strong>erat</strong></span> 
     </span>
     <span class='ocr_line' id='line_1_32' title="bbox 199 3772 1055 3853; baseline 0.001 -27"><span class='ocrx_word' id='word_1_265' title='bbox 199 3789 285 3826; x_wconf 85' lang='lat' dir='ltr'><strong>rnrnus</strong></span> <span class='ocrx_word' id='word_1_266' title='bbox 302 3782 465 3852; x_wconf 69' lang='lat' dir='ltr'><strong>conveniret,</strong></span> <span class='ocrx_word' id='word_1_267' title='bbox 484 3789 562 3842; x_wconf 78' lang='lat' dir='ltr'><strong>quam</strong></span> <span class='ocrx_word' id='word_1_268' title='bbox 578 3790 606 3852; x_wconf 77' lang='lat' dir='ltr'><strong>in</strong></span> <span class='ocrx_word' id='word_1_269' title='bbox 623 3789 708 3853; x_wconf 77' lang='lat' dir='ltr'><strong>iprum</strong></span> <span class='ocrx_word' id='word_1_270' title='bbox 717 3772 798 3852; x_wconf 66' lang='lat' dir='ltr'><strong>Taxi-</strong></span> <span class='ocrx_word' id='word_1_271' title='bbox 830 3775 1055 3844; x_wconf 84' lang='lat' dir='ltr'><strong>persequentrbus.</strong></span> 
     </span>
     <span class='ocr_line' id='line_1_33' title="bbox 199 3839 1435 3946; baseline 0.001 -17"><span class='ocrx_word' id='word_1_272' title='bbox 199 3841 261 3907; x_wconf 59' lang='lat' dir='ltr'><strong>lem*</strong></span> <span class='ocrx_word' id='word_1_273' title='bbox 279 3839 471 3894; x_wconf 60' lang='lat' dir='ltr'><strong>mehem&#39;m</strong></span> <span class='ocrx_word' id='word_1_274' title='bbox 488 3841 606 3894; x_wconf 58' lang='lat' dir='ltr'><strong>mum</strong></span> <span class='ocrx_word' id='word_1_275' title='bbox 623 3858 690 3894; x_wconf 55' lang='grc' dir='ltr'><strong>Μ</strong></span> <span class='ocrx_word' id='word_1_276' title='bbox 705 3840 799 3895; x_wconf 50' lang='grc' dir='ltr'><strong>θιὼ</strong></span> <span class='ocrx_word' id='word_1_277' title='bbox 882 3881 947 3930; x_wconf 81' lang='lat'>.88.</span> <span class='ocrx_word' id='word_1_278' title='bbox 982 3879 1041 3945; x_wconf 78' lang='lat' dir='ltr'><strong>quir</strong></span> <span class='ocrx_word' id='word_1_279' title='bbox 1067 3877 1181 3946; x_wconf 76' lang='lat' dir='ltr'><strong>wodeml</strong></span> <span class='ocrx_word' id='word_1_280' title='bbox 1227 3879 1341 3932; x_wconf 82' lang='lat' dir='ltr'><strong>Tantum</strong></span> <span class='ocrx_word' id='word_1_281' title='bbox 1366 3877 1435 3930; x_wconf 81' lang='lat' dir='ltr'><strong>Flor.</strong></span> 
     </span>
    </p>
   </div>
   <div class='ocr_carea' id='block_1_4' title="bbox 200 3879 1437 4088">
    <p class='ocr_par' dir='ltr' id='par_1_6' title="bbox 200 3879 1437 4088">
     <span class='ocr_line' id='line_1_34' title="bbox 200 3879 1437 4088; baseline -0.014 -57"><span class='ocrx_word' id='word_1_282' title='bbox 200 3910 799 4048; x_wconf 58' lang='lat' dir='ltr'><strong>attenuarentur</strong></span> <span class='ocrx_word' id='word_1_283' title='bbox 832 3879 1437 4088; x_wconf 54' lang='lat' dir='ltr'><strong>gffigq1rppwpppgg</strong></span> 
     </span>
    </p>
   </div>
   <div class='ocr_carea' id='block_1_5' title="bbox 201 4043 1436 4186">
    <p class='ocr_par' dir='ltr' id='par_1_7' title="bbox 201 4043 1436 4186">
     <span class='ocr_line' id='line_1_35' title="bbox 201 4043 1436 4186; baseline -0.013 -35"><span class='ocrx_word' id='word_1_284' title='bbox 201 4043 672 4186; x_wconf 48' lang='lat' dir='ltr'><strong>fflplgi‘iipgff&#39;bbgfftmmmque</strong></span> <span class='ocrx_word' id='word_1_285' title='bbox 686 4045 800 4134; x_wconf 38' lang='lat' dir='ltr'><strong>minin</strong></span> <span class='ocrx_word' id='word_1_286' title='bbox 834 4083 966 4148; x_wconf 77' lang='lat' dir='ltr'><strong>dimisere,</strong></span> <span class='ocrx_word' id='word_1_287' title='bbox 985 4083 1058 4151; x_wconf 91' lang='lat' dir='ltr'><strong>quod</strong></span> <span class='ocrx_word' id='word_1_288' title='bbox 1075 4090 1117 4135; x_wconf 87' lang='lat' dir='ltr'><strong>est</strong></span> <span class='ocrx_word' id='word_1_289' title='bbox 1133 4081 1161 4135; x_wconf 92' lang='lat' dir='ltr'><strong>in</strong></span> <span class='ocrx_word' id='word_1_290' title='bbox 1178 4081 1252 4136; x_wconf 75' lang='lat' dir='ltr'><strong>Leid</strong></span> <span class='ocrx_word' id='word_1_291' title='bbox 1271 4086 1346 4136; x_wconf 81' lang='lat' dir='ltr'><strong>Voss</strong></span> <span class='ocrx_word' id='word_1_292' title='bbox 1364 4082 1436 4136; x_wconf 78' lang='lat' dir='ltr'><strong>Flet.</strong></span> 
     </span>
    </p>
   </div>
   <div class='ocr_carea' id='block_1_6' title="bbox 236 4147 1331 4304">
    <p class='ocr_par' dir='ltr' id='par_1_8' title="bbox 236 4147 1331 4304">
     <span class='ocr_line' id='line_1_36' title="bbox 236 4147 1331 4304; baseline -0.027 -54"><span class='ocrx_word' id='word_1_293' title='bbox 236 4187 261 4250; x_wconf 80' lang='lat' dir='ltr'><strong>s-</strong></span> <span class='ocrx_word' id='word_1_294' title='bbox 281 4189 323 4238; x_wconf 76' lang='lat' dir='ltr'><strong>u.</strong></span> <span class='ocrx_word' id='word_1_295' title='bbox 361 4183 435 4304; x_wconf 55' lang='lat' dir='ltr'><strong>pera</strong></span> <span class='ocrx_word' id='word_1_296' title='bbox 509 4200 582 4235; x_wconf 64' lang='grc' dir='ltr'><strong>ι-</strong></span> <span class='ocrx_word' id='word_1_297' title='bbox 607 4183 674 4236; x_wconf 71' lang='lat' dir='ltr'><strong>rosa</strong></span> <span class='ocrx_word' id='word_1_298' title='bbox 699 4185 798 4253; x_wconf 69' lang='lat' dir='ltr'><strong>aaa]</strong></span> <span class='ocrx_word' id='word_1_299' title='bbox 833 4147 937 4202; x_wconf 63' lang='lat' dir='ltr'>AEGH</span> <span class='ocrx_word' id='word_1_300' title='bbox 955 4149 1034 4202; x_wconf 54' lang='grc' dir='ltr'><strong>ΒΜ·</strong></span> <span class='ocrx_word' id='word_1_301' title='bbox 1053 4149 1090 4218; x_wconf 85' lang='lat' dir='ltr'><strong>n,</strong></span> <span class='ocrx_word' id='word_1_302' title='bbox 1109 4149 1165 4203; x_wconf 67' lang='lat'><strong>¹⁰¹0</strong></span> <span class='ocrx_word' id='word_1_303' title='bbox 1188 4151 1331 4223; x_wconf 64' lang='lat' dir='ltr'><strong>demiur-</strong></span> 
     </span>
    </p>
   </div>
   <div class='ocr_carea' id='block_1_7' title="bbox 201 4235 1438 4394">
    <p class='ocr_par' dir='ltr' id='par_1_9' title="bbox 201 4235 1438 4394">
     <span class='ocr_line' id='line_1_37' title="bbox 201 4235 1438 4322; baseline 0.003 -18"><span class='ocrx_word' id='word_1_304' title='bbox 201 4249 275 4306; x_wconf 81' lang='lat' dir='ltr'><strong>Flor.</strong></span> <span class='ocrx_word' id='word_1_305' title='bbox 292 4249 345 4304; x_wconf 83' lang='grc' dir='ltr'><strong>ΕΗ</strong></span> <span class='ocrx_word' id='word_1_306' title='bbox 387 4267 444 4304; x_wconf 86' lang='lat' dir='ltr'><strong>ern.</strong></span> <span class='ocrx_word' id='word_1_307' title='bbox 504 4268 532 4304; x_wconf 83' lang='lat' dir='ltr'><strong>re</strong></span> <span class='ocrx_word' id='word_1_308' title='bbox 549 4251 638 4304; x_wconf 79' lang='lat' dir='ltr'><strong>obiecit</strong></span> <span class='ocrx_word' id='word_1_309' title='bbox 656 4251 731 4318; x_wconf 87' lang='lat' dir='ltr'><strong>male,</strong></span> <span class='ocrx_word' id='word_1_310' title='bbox 755 4269 800 4306; x_wconf 86' lang='lat' dir='ltr'><strong>ne-</strong></span> <span class='ocrx_word' id='word_1_311' title='bbox 869 4250 1071 4322; x_wconf 64' lang='lat' dir='ltr'><strong>capenam.</strong></span> <span class='ocrx_word' id='word_1_312' title='bbox 1103 4235 1193 4321; x_wconf 50' lang='lat' dir='ltr'><strong>iubetl&#39;</strong></span> <span class='ocrx_word' id='word_1_313' title='bbox 1211 4253 1257 4308; x_wconf 86' lang='lat' dir='ltr'><strong>Sic</strong></span> <span class='ocrx_word' id='word_1_314' title='bbox 1273 4271 1334 4308; x_wconf 76' lang='lat' dir='ltr'><strong>mss</strong></span> <span class='ocrx_word' id='word_1_315' title='bbox 1353 4253 1438 4308; x_wconf 88' lang='lat' dir='ltr'><strong>nostri</strong></span> 
     </span>
     <span class='ocr_line' id='line_1_38' title="bbox 201 4318 1438 4394; baseline 0.003 -22"><span class='ocrx_word' id='word_1_316' title='bbox 201 4335 254 4390; x_wconf 87' lang='lat' dir='ltr'><strong>que</strong></span> <span class='ocrx_word' id='word_1_317' title='bbox 279 4319 350 4373; x_wconf 88' lang='lat' dir='ltr'><strong>enim</strong></span> <span class='ocrx_word' id='word_1_318' title='bbox 376 4319 410 4372; x_wconf 87' lang='lat' dir='ltr'><strong>de</strong></span> <span class='ocrx_word' id='word_1_319' title='bbox 433 4318 491 4390; x_wconf 84' lang='lat' dir='ltr'><strong>ipso</strong></span> <span class='ocrx_word' id='word_1_320' title='bbox 517 4336 580 4392; x_wconf 81' lang='lat' dir='ltr'><strong>rege</strong></span> <span class='ocrx_word' id='word_1_321' title='bbox 606 4318 716 4392; x_wconf 81' lang='lat' dir='ltr'><strong>pedibus</strong></span> <span class='ocrx_word' id='word_1_322' title='bbox 742 4337 801 4376; x_wconf 87' lang='lat' dir='ltr'><strong>cum</strong></span> <span class='ocrx_word' id='word_1_323' title='bbox 834 4337 923 4375; x_wconf 89' lang='lat' dir='ltr'><strong>omnes</strong></span> <span class='ocrx_word' id='word_1_324' title='bbox 940 4329 969 4374; x_wconf 88' lang='lat' dir='ltr'><strong>et</strong></span> <span class='ocrx_word' id='word_1_325' title='bbox 986 4319 1059 4373; x_wconf 76' lang='lat' dir='ltr'><strong>leid</strong></span> <span class='ocrx_word' id='word_1_326' title='bbox 1078 4324 1155 4376; x_wconf 76' lang='lat' dir='ltr'><strong>Voss.</strong></span> <span class='ocrx_word' id='word_1_327' title='bbox 1175 4329 1198 4376; x_wconf 91' lang='lat'><strong>1.</strong></span> <span class='ocrx_word' id='word_1_328' title='bbox 1240 4321 1329 4394; x_wconf 84' lang='lat' dir='ltr'><strong>Vulgo</strong></span> <span class='ocrx_word' id='word_1_329' title='bbox 1353 4325 1438 4378; x_wconf 80' lang='lat' dir='ltr'><strong>iussit.</strong></span> 
     </span>
    </p>
   </div>
   <div class='ocr_carea' id='block_1_8' title="bbox 0 0 1682 5050">
    <p class='ocr_par' dir='ltr' id='par_1_10' title="bbox 0 0 1682 5050">
     <span class='ocr_line' id='line_1_39' title="bbox 0 0 1682 5050; baseline 0 0"><span class='ocrx_word' id='word_1_330' title='bbox 0 0 1682 5050; x_wconf 95' lang='lat' dir='ltr'><strong> </strong></span> 
     </span>
    </p>
   </div>
  </div>
 </body>
</html>
