<?xml version="1.0" encoding="UTF-8"?>
<!DOCTYPE html PUBLIC "-//W3C//DTD XHTML 1.0 Transitional//EN"
    "http://www.w3.org/TR/xhtml1/DTD/xhtml1-transitional.dtd">
<html xmlns="http://www.w3.org/1999/xhtml" xml:lang="en" lang="en">
 <head>
  <title>
</title>
<meta http-equiv="Content-Type" content="text/html;charset=utf-8" />
  <meta name='ocr-system' content='tesseract 3.04.00' />
  <meta name='ocr-capabilities' content='ocr_page ocr_carea ocr_par ocr_line ocrx_word'/>
</head>
<body>
  <div class='ocr_page' id='page_1' title='image "./qcurtiirufidege03rufugoog_0248.png"; bbox 0 0 3336 5066; ppageno 0'>
   <div class='ocr_carea' id='block_1_1' title="bbox 599 287 1449 407">
    <p class='ocr_par' dir='ltr' id='par_1_1' title="bbox 599 287 1449 407">
     <span class='ocr_line' id='line_1_1' title="bbox 599 287 1449 407; baseline -0.007 -15"><span class='ocrx_word' id='word_1_1' title='bbox 599 333 803 394; x_wconf 72' lang='lat' dir='ltr'><strong>nn&#39;ess‘us</strong></span> <span class='ocrx_word' id='word_1_2' title='bbox 828 287 937 390; x_wconf 69' lang='lat' dir='ltr'><strong>atax</strong></span> <span class='ocrx_word' id='word_1_3' title='bbox 964 339 1001 407; x_wconf 92' lang='lat' dir='ltr'><strong>v,</strong></span> <span class='ocrx_word' id='word_1_4' title='bbox 1027 335 1070 384; x_wconf 82' lang='lat' dir='ltr'><strong>ar.</strong></span> <span class='ocrx_word' id='word_1_5' title='bbox 1375 316 1449 386; x_wconf 79' lang='lat'><strong>221</strong></span> 
     </span>
    </p>
   </div>
   <div class='ocr_carea' id='block_1_2' title="bbox 151 515 1556 2606">
    <p class='ocr_par' dir='ltr' id='par_1_2' title="bbox 151 515 1556 2606">
     <span class='ocr_line' id='line_1_2' title="bbox 206 515 1451 626; baseline -0.01 -22"><span class='ocrx_word' id='word_1_6' title='bbox 206 529 378 626; x_wconf 81' lang='lat' dir='ltr'><strong>sequitu.</strong></span> <span class='ocrx_word' id='word_1_7' title='bbox 431 543 474 594; x_wconf 92' lang='lat'><strong>111</strong></span> <span class='ocrx_word' id='word_1_8' title='bbox 498 523 612 596; x_wconf 85' lang='lat' dir='ltr'><strong>fenne</strong></span> <span class='ocrx_word' id='word_1_9' title='bbox 637 521 735 593; x_wconf 87' lang='lat' dir='ltr'><strong>milia</strong></span> <span class='ocrx_word' id='word_1_10' title='bbox 766 518 970 594; x_wconf 78' lang='lat' dir='ltr'><strong>resistentia</strong></span> <span class='ocrx_word' id='word_1_11' title='bbox 995 515 1112 592; x_wconf 86' lang='lat' dir='ltr'><strong>occisa</strong></span> <span class='ocrx_word' id='word_1_12' title='bbox 1137 528 1239 609; x_wconf 89' lang='lat' dir='ltr'><strong>sunt;</strong></span> <span class='ocrx_word' id='word_1_13' title='bbox 1274 519 1451 616; x_wconf 89' lang='lat' dir='ltr'><strong>reliquum</strong></span> 
     </span>
     <span class='ocr_line' id='line_1_3' title="bbox 206 627 1451 736; baseline -0.005 -27"><span class='ocrx_word' id='word_1_14' title='bbox 206 661 336 736; x_wconf 87' lang='lat' dir='ltr'><strong>agmen</strong></span> <span class='ocrx_word' id='word_1_15' title='bbox 363 628 543 731; x_wconf 85' lang='lat' dir='ltr'><strong>pecudum</strong></span> <span class='ocrx_word' id='word_1_16' title='bbox 568 656 669 706; x_wconf 89' lang='lat' dir='ltr'><strong>more</strong></span> <span class='ocrx_word' id='word_1_17' title='bbox 694 631 870 705; x_wconf 90' lang='lat' dir='ltr'><strong>intactum</strong></span> <span class='ocrx_word' id='word_1_18' title='bbox 895 630 1086 728; x_wconf 78' lang='lat' dir='ltr'><strong>agebatur,</strong></span> <span class='ocrx_word' id='word_1_19' title='bbox 1111 627 1256 701; x_wconf 87' lang='lat' dir='ltr'><strong>iubente</strong></span> <span class='ocrx_word' id='word_1_20' title='bbox 1281 653 1382 725; x_wconf 89' lang='lat' dir='ltr'><strong>rege,</strong></span> <span class='ocrx_word' id='word_1_21' title='bbox 1409 640 1451 703; x_wconf 93' lang='lat' dir='ltr'><strong>ut</strong></span> 
     </span>
     <span class='ocr_line' id='line_1_4' title="bbox 151 739 1451 840; baseline -0.003 -24"><span class='ocrx_word' id='word_1_22' title='bbox 151 769 188 816; x_wconf 78' lang='lat' dir='ltr'><strong>eo</strong></span> <span class='ocrx_word' id='word_1_23' title='bbox 206 744 376 820; x_wconf 87' lang='lat' dir='ltr'><strong>caedibus</strong></span> <span class='ocrx_word' id='word_1_24' title='bbox 410 741 662 818; x_wconf 82' lang='lat' dir='ltr'><strong>abstineretur.</strong></span> <span class='ocrx_word' id='word_1_25' title='bbox 720 739 836 815; x_wconf 90' lang='lat' dir='ltr'><strong>Nemo</strong></span> <span class='ocrx_word' id='word_1_26' title='bbox 867 741 1093 840; x_wconf 86' lang='lat' dir='ltr'><strong>captivorum</strong></span> <span class='ocrx_word' id='word_1_27' title='bbox 1124 748 1217 827; x_wconf 88' lang='lat' dir='ltr'><strong>erat,</strong></span> <span class='ocrx_word' id='word_1_28' title='bbox 1257 740 1318 835; x_wconf 92' lang='lat' dir='ltr'><strong>qui</strong></span> <span class='ocrx_word' id='word_1_29' title='bbox 1352 763 1451 812; x_wconf 92' lang='lat' dir='ltr'><strong>mon·</strong></span> 
     </span>
     <span class='ocr_line' id='line_1_5' title="bbox 205 849 1450 950; baseline -0.004 -22"><span class='ocrx_word' id='word_1_30' title='bbox 205 867 321 928; x_wconf 89' lang='lat' dir='ltr'><strong>strare</strong></span> <span class='ocrx_word' id='word_1_31' title='bbox 347 851 458 926; x_wconf 88' lang='lat' dir='ltr'><strong>Darei</strong></span> <span class='ocrx_word' id='word_1_32' title='bbox 484 851 689 928; x_wconf 85' lang='lat' dir='ltr'><strong>vehiculum</strong></span> <span class='ocrx_word' id='word_1_33' title='bbox 715 861 853 950; x_wconf 92' lang='lat' dir='ltr'><strong>posset:</strong></span> <span class='ocrx_word' id='word_1_34' title='bbox 880 851 1019 948; x_wconf 84' lang='lat' dir='ltr'><strong>singuli,</strong></span> <span class='ocrx_word' id='word_1_35' title='bbox 1046 859 1088 922; x_wconf 91' lang='lat' dir='ltr'><strong>ut</strong></span> <span class='ocrx_word' id='word_1_36' title='bbox 1112 873 1274 945; x_wconf 89' lang='lat' dir='ltr'><strong>quaeque</strong></span> <span class='ocrx_word' id='word_1_37' title='bbox 1301 849 1450 946; x_wconf 87' lang='lat' dir='ltr'><strong>prende·</strong></span> 
     </span>
     <span class='ocr_line' id='line_1_6' title="bbox 202 960 1444 1059; baseline -0.003 -23"><span class='ocrx_word' id='word_1_38' title='bbox 202 974 294 1054; x_wconf 88' lang='lat' dir='ltr'><strong>rent,</strong></span> <span class='ocrx_word' id='word_1_39' title='bbox 320 964 584 1054; x_wconf 79' lang='lat' dir='ltr'><strong>scrutabantur,</strong></span> <span class='ocrx_word' id='word_1_40' title='bbox 611 965 678 1036; x_wconf 76' lang='lat' dir='ltr'><strong>nec</strong></span> <span class='ocrx_word' id='word_1_41' title='bbox 703 973 825 1035; x_wconf 82' lang='lat' dir='ltr'><strong>tamen</strong></span> <span class='ocrx_word' id='word_1_42' title='bbox 850 963 964 1034; x_wconf 92' lang='lat' dir='ltr'><strong>ullum</strong></span> <span class='ocrx_word' id='word_1_43' title='bbox 999 961 1189 1059; x_wconf 90' lang='lat' dir='ltr'><strong>vestigium</strong></span> <span class='ocrx_word' id='word_1_44' title='bbox 1214 962 1320 1057; x_wconf 85' lang='lat' dir='ltr'><strong>fugae</strong></span> <span class='ocrx_word' id='word_1_45' title='bbox 1347 960 1444 1058; x_wconf 88' lang='lat' dir='ltr'><strong>regis</strong></span> 
     </span>
     <span class='ocr_line' id='line_1_7' title="bbox 152 1069 1452 1166; baseline -0.002 -22"><span class='ocrx_word' id='word_1_46' title='bbox 152 1096 189 1144; x_wconf 82' lang='lat' dir='ltr'><strong>ar</strong></span> <span class='ocrx_word' id='word_1_47' title='bbox 210 1074 369 1148; x_wconf 81' lang='lat' dir='ltr'><strong>extabat.</strong></span> <span class='ocrx_word' id='word_1_48' title='bbox 421 1073 669 1148; x_wconf 85' lang='lat' dir='ltr'><strong>Festinantem</strong></span> <span class='ocrx_word' id='word_1_49' title='bbox 703 1070 952 1144; x_wconf 84' lang='lat' dir='ltr'><strong>Alexandrum</strong></span> <span class='ocrx_word' id='word_1_50' title='bbox 988 1069 1050 1142; x_wconf 85' lang='lat' dir='ltr'><strong>vix</strong></span> <span class='ocrx_word' id='word_1_51' title='bbox 1076 1072 1146 1143; x_wconf 89' lang='lat' dir='ltr'><strong>tria</strong></span> <span class='ocrx_word' id='word_1_52' title='bbox 1171 1070 1266 1142; x_wconf 91' lang='lat' dir='ltr'><strong>milia</strong></span> <span class='ocrx_word' id='word_1_53' title='bbox 1292 1070 1452 1166; x_wconf 93' lang='lat' dir='ltr'><strong>equitum</strong></span> 
     </span>
     <span class='ocr_line' id='line_1_8' title="bbox 205 1169 1452 1282; baseline -0.005 -24"><span class='ocrx_word' id='word_1_54' title='bbox 205 1195 396 1282; x_wconf 87' lang='lat' dir='ltr'><strong>persecuta</strong></span> <span class='ocrx_word' id='word_1_55' title='bbox 421 1169 516 1260; x_wconf 84' lang='lat' dir='ltr'><strong>suut</strong></span> <span class='ocrx_word' id='word_1_56' title='bbox 561 1184 614 1257; x_wconf 91' lang='lat' dir='ltr'><strong>At</strong></span> <span class='ocrx_word' id='word_1_57' title='bbox 639 1185 676 1256; x_wconf 89' lang='lat' dir='ltr'><strong>in</strong></span> <span class='ocrx_word' id='word_1_58' title='bbox 703 1207 775 1272; x_wconf 91' lang='lat' dir='ltr'><strong>eos,</strong></span> <span class='ocrx_word' id='word_1_59' title='bbox 801 1182 862 1278; x_wconf 93' lang='lat' dir='ltr'><strong>qui</strong></span> <span class='ocrx_word' id='word_1_60' title='bbox 887 1179 1018 1254; x_wconf 89' lang='lat' dir='ltr'><strong>lentius</strong></span> <span class='ocrx_word' id='word_1_61' title='bbox 1044 1180 1295 1278; x_wconf 87' lang='lat' dir='ltr'><strong>sequebantur,</strong></span> <span class='ocrx_word' id='word_1_62' title='bbox 1321 1178 1452 1253; x_wconf 88' lang='lat' dir='ltr'><strong>incide·</strong></span> 
     </span>
     <span class='ocr_line' id='line_1_9' title="bbox 153 1277 1463 1390; baseline -0.002 -26"><span class='ocrx_word' id='word_1_63' title='bbox 153 1313 190 1364; x_wconf 78' lang='lat'><strong>22</strong></span> <span class='ocrx_word' id='word_1_64' title='bbox 209 1296 298 1369; x_wconf 86' lang='lat' dir='ltr'><strong>bant</strong></span> <span class='ocrx_word' id='word_1_65' title='bbox 322 1298 493 1370; x_wconf 87' lang='lat' dir='ltr'><strong>universa</strong></span> <span class='ocrx_word' id='word_1_66' title='bbox 518 1292 731 1390; x_wconf 84' lang='lat' dir='ltr'><strong>fugientium</strong></span> <span class='ocrx_word' id='word_1_67' title='bbox 757 1291 908 1390; x_wconf 80' lang='lat' dir='ltr'><strong>agmina</strong></span> <span class='ocrx_word' id='word_1_68' title='bbox 949 1290 1024 1363; x_wconf 88' lang='lat' dir='ltr'><strong>Vix</strong></span> <span class='ocrx_word' id='word_1_69' title='bbox 1050 1290 1215 1364; x_wconf 87' lang='lat' dir='ltr'><strong>credibile</strong></span> <span class='ocrx_word' id='word_1_70' title='bbox 1242 1289 1350 1380; x_wconf 90' lang='lat' dir='ltr'><strong>dictu,</strong></span> <span class='ocrx_word' id='word_1_71' title='bbox 1376 1277 1463 1388; x_wconf 76' lang='lat' dir='ltr'><strong>plu·¹</strong></span> 
     </span>
     <span class='ocr_line' id='line_1_10' title="bbox 207 1400 1452 1506; baseline -0.006 -25"><span class='ocrx_word' id='word_1_72' title='bbox 207 1431 265 1481; x_wconf 92' lang='lat' dir='ltr'><strong>res</strong></span> <span class='ocrx_word' id='word_1_73' title='bbox 293 1408 436 1506; x_wconf 89' lang='lat' dir='ltr'><strong>captivi,</strong></span> <span class='ocrx_word' id='word_1_74' title='bbox 463 1429 573 1502; x_wconf 88' lang='lat' dir='ltr'><strong>quam</strong></span> <span class='ocrx_word' id='word_1_75' title='bbox 598 1405 661 1500; x_wconf 90' lang='lat' dir='ltr'><strong>qui</strong></span> <span class='ocrx_word' id='word_1_76' title='bbox 687 1413 866 1501; x_wconf 85' lang='lat' dir='ltr'><strong>caperent,</strong></span> <span class='ocrx_word' id='word_1_77' title='bbox 894 1413 1012 1474; x_wconf 88' lang='lat' dir='ltr'><strong>erant:</strong></span> <span class='ocrx_word' id='word_1_78' title='bbox 1037 1400 1129 1476; x_wconf 89' lang='lat' dir='ltr'><strong>adeo</strong></span> <span class='ocrx_word' id='word_1_79' title='bbox 1145 1426 1452 1476; x_wconf 90' lang='lat' dir='ltr'><strong>omnemsensum</strong></span> 
     </span>
     <span class='ocr_line' id='line_1_11' title="bbox 199 1511 1452 1612; baseline -0.006 -21"><span class='ocrx_word' id='word_1_80' title='bbox 199 1519 340 1591; x_wconf 88' lang='lat' dir='ltr'><strong>&#39;territis</strong></span> <span class='ocrx_word' id='word_1_81' title='bbox 376 1518 524 1588; x_wconf 83' lang='lat' dir='ltr'><strong>fortuna</strong></span> <span class='ocrx_word' id='word_1_82' title='bbox 557 1514 702 1612; x_wconf 89' lang='lat' dir='ltr'><strong>penitus</strong></span> <span class='ocrx_word' id='word_1_83' title='bbox 737 1523 961 1604; x_wconf 87' lang='lat' dir='ltr'><strong>excusserat,</strong></span> <span class='ocrx_word' id='word_1_84' title='bbox 995 1524 1037 1586; x_wconf 92' lang='lat' dir='ltr'><strong>ut</strong></span> <span class='ocrx_word' id='word_1_85' title='bbox 1062 1537 1127 1586; x_wconf 92' lang='lat' dir='ltr'><strong>uec</strong></span> <span class='ocrx_word' id='word_1_86' title='bbox 1152 1511 1308 1586; x_wconf 90' lang='lat' dir='ltr'><strong>hostium</strong></span> <span class='ocrx_word' id='word_1_87' title='bbox 1333 1512 1452 1611; x_wconf 91' lang='lat' dir='ltr'><strong>pauci·</strong></span> 
     </span>
     <span class='ocr_line' id='line_1_12' title="bbox 208 1622 1189 1716; baseline -0.003 -17"><span class='ocrx_word' id='word_1_88' title='bbox 208 1637 339 1716; x_wconf 84' lang='lat' dir='ltr'><strong>tatem,</strong></span> <span class='ocrx_word' id='word_1_89' title='bbox 365 1651 433 1700; x_wconf 91' lang='lat' dir='ltr'><strong>nec</strong></span> <span class='ocrx_word' id='word_1_90' title='bbox 458 1623 724 1699; x_wconf 88' lang='lat' dir='ltr'><strong>multitudinem</strong></span> <span class='ocrx_word' id='word_1_91' title='bbox 750 1647 854 1696; x_wconf 86' lang='lat' dir='ltr'><strong>suam</strong></span> <span class='ocrx_word' id='word_1_92' title='bbox 879 1622 966 1696; x_wconf 89' lang='lat' dir='ltr'><strong>satis</strong></span> <span class='ocrx_word' id='word_1_93' title='bbox 993 1634 1189 1699; x_wconf 83' lang='lat' dir='ltr'><strong>cernerent</strong></span> 
     </span>
     <span class='ocr_line' id='line_1_13' title="bbox 155 1731 1501 1833; baseline 0 -29"><span class='ocrx_word' id='word_1_94' title='bbox 155 1755 189 1804; x_wconf 83' lang='lat' dir='ltr'><strong>as</strong></span> <span class='ocrx_word' id='word_1_95' title='bbox 310 1734 460 1810; x_wconf 90' lang='lat' dir='ltr'><strong>Interim</strong></span> <span class='ocrx_word' id='word_1_96' title='bbox 486 1737 656 1826; x_wconf 76' lang='lat' dir='ltr'><strong>iumenta,</strong></span> <span class='ocrx_word' id='word_1_97' title='bbox 684 1759 775 1833; x_wconf 89' lang='lat' dir='ltr'><strong>quae</strong></span> <span class='ocrx_word' id='word_1_98' title='bbox 788 1733 947 1808; x_wconf 88' lang='lat' dir='ltr'><strong>Dareum</strong></span> <span class='ocrx_word' id='word_1_99' title='bbox 973 1735 1164 1826; x_wconf 85' lang='lat' dir='ltr'><strong>vehebant,</strong></span> <span class='ocrx_word' id='word_1_100' title='bbox 1177 1735 1275 1806; x_wconf 94' lang='lat' dir='ltr'><strong>nullo</strong></span> <span class='ocrx_word' id='word_1_101' title='bbox 1301 1731 1501 1833; x_wconf 86' lang='lat' dir='ltr'><strong>regente38</strong></span> 
     </span>
     <span class='ocr_line' id='line_1_14' title="bbox 209 1843 1526 1944; baseline 0.001 -28"><span class='ocrx_word' id='word_1_102' title='bbox 209 1843 439 1922; x_wconf 86' lang='lat' dir='ltr'><strong>decesserant</strong></span> <span class='ocrx_word' id='word_1_103' title='bbox 463 1846 607 1921; x_wconf 88' lang='lat' dir='ltr'><strong>militari</strong></span> <span class='ocrx_word' id='word_1_104' title='bbox 633 1845 711 1938; x_wconf 88' lang='lat' dir='ltr'><strong>via,</strong></span> <span class='ocrx_word' id='word_1_105' title='bbox 738 1856 776 1919; x_wconf 86' lang='lat' dir='ltr'><strong>et</strong></span> <span class='ocrx_word' id='word_1_106' title='bbox 801 1868 923 1918; x_wconf 90' lang='lat' dir='ltr'><strong>errore</strong></span> <span class='ocrx_word' id='word_1_107' title='bbox 949 1844 1070 1920; x_wconf 85' lang='lat' dir='ltr'><strong>delata</strong></span> <span class='ocrx_word' id='word_1_108' title='bbox 1095 1871 1159 1944; x_wconf 83' lang='lat' dir='ltr'><strong>per</strong></span> <span class='ocrx_word' id='word_1_109' title='bbox 1185 1856 1355 1943; x_wconf 88' lang='lat' dir='ltr'><strong>quattuor</strong></span> <span class='ocrx_word' id='word_1_110' title='bbox 1380 1853 1452 1918; x_wconf 89' lang='lat' dir='ltr'><strong>sta·</strong></span> <span class='ocrx_word' id='word_1_111' title='bbox 1523 1931 1526 1942; x_wconf 27' lang='grc' dir='ltr'>Ι</span> 
     </span>
     <span class='ocr_line' id='line_1_15' title="bbox 208 1953 1451 2055; baseline -0.001 -27"><span class='ocrx_word' id='word_1_112' title='bbox 208 1953 283 2046; x_wconf 90' lang='lat' dir='ltr'><strong>dia,</strong></span> <span class='ocrx_word' id='word_1_113' title='bbox 314 1957 353 2030; x_wconf 94' lang='lat' dir='ltr'><strong>in</strong></span> <span class='ocrx_word' id='word_1_114' title='bbox 379 1956 537 2055; x_wconf 86' lang='lat' dir='ltr'><strong>quadam</strong></span> <span class='ocrx_word' id='word_1_115' title='bbox 562 1958 657 2030; x_wconf 89' lang='lat' dir='ltr'><strong>valle</strong></span> <span class='ocrx_word' id='word_1_116' title='bbox 684 1957 934 2046; x_wconf 84' lang='lat' dir='ltr'><strong>constiterant,</strong></span> <span class='ocrx_word' id='word_1_117' title='bbox 970 1967 1073 2029; x_wconf 88' lang='lat' dir='ltr'><strong>aestu</strong></span> <span class='ocrx_word' id='word_1_118' title='bbox 1098 1959 1272 2054; x_wconf 88' lang='lat' dir='ltr'><strong>simulque</strong></span> <span class='ocrx_word' id='word_1_119' title='bbox 1297 1954 1451 2032; x_wconf 84' lang='lat' dir='ltr'><strong>vulneri·</strong></span> 
     </span>
     <span class='ocr_line' id='line_1_16' title="bbox 155 2064 1452 2167; baseline 0.005 -35"><span class='ocrx_word' id='word_1_120' title='bbox 155 2084 191 2132; x_wconf 81' lang='lat' dir='ltr'><strong>at</strong></span> <span class='ocrx_word' id='word_1_121' title='bbox 208 2066 276 2140; x_wconf 89' lang='lat' dir='ltr'><strong>bus</strong></span> <span class='ocrx_word' id='word_1_122' title='bbox 310 2069 470 2166; x_wconf 80' lang='lat' dir='ltr'><strong>fatigata.</strong></span> <span class='ocrx_word' id='word_1_123' title='bbox 523 2064 632 2141; x_wconf 89' lang='lat' dir='ltr'><strong>Haud</strong></span> <span class='ocrx_word' id='word_1_124' title='bbox 664 2067 790 2167; x_wconf 90' lang='lat' dir='ltr'><strong>procul</strong></span> <span class='ocrx_word' id='word_1_125' title='bbox 821 2076 900 2139; x_wconf 88' lang='lat' dir='ltr'><strong>erat</strong></span> <span class='ocrx_word' id='word_1_126' title='bbox 929 2067 1026 2157; x_wconf 87' lang='lat' dir='ltr'><strong>fons,</strong></span> <span class='ocrx_word' id='word_1_127' title='bbox 1058 2065 1105 2139; x_wconf 88' lang='lat' dir='ltr'><strong>ad</strong></span> <span class='ocrx_word' id='word_1_128' title='bbox 1138 2092 1244 2164; x_wconf 91' lang='lat' dir='ltr'><strong>quem</strong></span> <span class='ocrx_word' id='word_1_129' title='bbox 1277 2075 1452 2142; x_wconf 89' lang='lat' dir='ltr'><strong>monstra·</strong></span> 
     </span>
     <span class='ocr_line' id='line_1_17' title="bbox 208 2175 1450 2278; baseline 0 -30"><span class='ocrx_word' id='word_1_130' title='bbox 208 2185 287 2248; x_wconf 90' lang='lat' dir='ltr'><strong>tum</strong></span> <span class='ocrx_word' id='word_1_131' title='bbox 313 2204 336 2251; x_wconf 92' lang='lat' dir='ltr'><strong>a</strong></span> <span class='ocrx_word' id='word_1_132' title='bbox 360 2179 486 2278; x_wconf 90' lang='lat' dir='ltr'><strong>peritis</strong></span> <span class='ocrx_word' id='word_1_133' title='bbox 517 2177 747 2277; x_wconf 85' lang='lat' dir='ltr'><strong>Polystratus</strong></span> <span class='ocrx_word' id='word_1_134' title='bbox 781 2176 933 2251; x_wconf 86' lang='lat' dir='ltr'><strong>Macedo</strong></span> <span class='ocrx_word' id='word_1_135' title='bbox 967 2177 1027 2250; x_wconf 89' lang='lat' dir='ltr'><strong>siti</strong></span> <span class='ocrx_word' id='word_1_136' title='bbox 1057 2188 1256 2253; x_wconf 90' lang='lat' dir='ltr'><strong>maceratus</strong></span> <span class='ocrx_word' id='word_1_137' title='bbox 1282 2175 1450 2264; x_wconf 87' lang='lat' dir='ltr'><strong>accessit;</strong></span> 
     </span>
     <span class='ocr_line' id='line_1_18' title="bbox 210 2284 1451 2388; baseline 0.001 -29"><span class='ocrx_word' id='word_1_138' title='bbox 210 2309 252 2360; x_wconf 88' lang='lat' dir='ltr'><strong>ac</strong></span> <span class='ocrx_word' id='word_1_139' title='bbox 279 2285 365 2361; x_wconf 90' lang='lat' dir='ltr'><strong>dum</strong></span> <span class='ocrx_word' id='word_1_140' title='bbox 389 2285 495 2388; x_wconf 79' lang='lat' dir='ltr'><strong>g&#39;nlea</strong></span> <span class='ocrx_word' id='word_1_141' title='bbox 520 2288 688 2362; x_wconf 89' lang='lat' dir='ltr'><strong>haustam</strong></span> <span class='ocrx_word' id='word_1_142' title='bbox 713 2311 844 2386; x_wconf 87' lang='lat' dir='ltr'><strong>aquam</strong></span> <span class='ocrx_word' id='word_1_143' title='bbox 870 2288 1003 2378; x_wconf 89' lang='lat' dir='ltr'><strong>sorbet,</strong></span> <span class='ocrx_word' id='word_1_144' title='bbox 1029 2288 1102 2361; x_wconf 87' lang='lat' dir='ltr'><strong>tela</strong></span> <span class='ocrx_word' id='word_1_145' title='bbox 1127 2289 1366 2362; x_wconf 90' lang='lat' dir='ltr'><strong>iumentorum</strong></span> <span class='ocrx_word' id='word_1_146' title='bbox 1391 2284 1451 2360; x_wconf 88' lang='lat' dir='ltr'><strong>de·</strong></span> 
     </span>
     <span class='ocr_line' id='line_1_19' title="bbox 157 2387 1556 2498; baseline 0.007 -37"><span class='ocrx_word' id='word_1_147' title='bbox 157 2413 192 2462; x_wconf 78' lang='lat' dir='ltr'><strong>aa</strong></span> <span class='ocrx_word' id='word_1_148' title='bbox 210 2395 404 2472; x_wconf 86' lang='lat' dir='ltr'><strong>ficientium</strong></span> <span class='ocrx_word' id='word_1_149' title='bbox 418 2398 642 2498; x_wconf 54' lang='lat' dir='ltr'><strong>,corporibus</strong></span> <span class='ocrx_word' id='word_1_150' title='bbox 667 2399 779 2470; x_wconf 87' lang='lat' dir='ltr'><strong>infixa</strong></span> <span class='ocrx_word' id='word_1_151' title='bbox 804 2399 1002 2496; x_wconf 86' lang='lat' dir='ltr'><strong>conspexit</strong></span> <span class='ocrx_word' id='word_1_152' title='bbox 1041 2387 1261 2497; x_wconf 66' lang='lat' dir='ltr'><strong>Mirattrsque</strong></span> <span class='ocrx_word' id='word_1_153' title='bbox 1286 2397 1453 2472; x_wconf 87' lang='lat' dir='ltr'><strong>confossa</strong></span> <span class='ocrx_word' id='word_1_154' title='bbox 1547 2439 1556 2458; x_wconf 62' lang='grc' dir='ltr'><em>ι</em></span> 
     </span>
     <span class='ocr_line' id='line_1_20' title="bbox 210 2508 1069 2606; baseline 0.006 -29"><span class='ocrx_word' id='word_1_155' title='bbox 210 2508 328 2602; x_wconf 92' lang='lat' dir='ltr'><strong>potius</strong></span> <span class='ocrx_word' id='word_1_156' title='bbox 354 2533 463 2606; x_wconf 90' lang='lat' dir='ltr'><strong>quam</strong></span> <span class='ocrx_word' id='word_1_157' title='bbox 489 2509 619 2582; x_wconf 85' lang='lat' dir='ltr'><strong>abacta</strong></span> <span class='ocrx_word' id='word_1_158' title='bbox 644 2533 734 2600; x_wconf 91' lang='lat' dir='ltr'><strong>esse,</strong></span> <span class='ocrx_word' id='word_1_159' title='bbox 761 2509 924 2584; x_wconf 85' lang='lat' dir='ltr'><strong>semivivi</strong></span> <span class='ocrx_word' id='word_1_160' title='bbox 949 2509 972 2554; x_wconf 63' lang='lat'>³</span> <span class='ocrx_word' id='word_1_161' title='bbox 998 2509 1021 2554; x_wconf 63' lang='lat'>³</span> <span class='ocrx_word' id='word_1_162' title='bbox 1046 2509 1069 2554; x_wconf 63' lang='lat'>³</span> 
     </span>
    </p>
   </div>
   <div class='ocr_carea' id='block_1_3' title="bbox 162 2705 1556 3161">
    <p class='ocr_par' dir='ltr' id='par_1_3' title="bbox 162 2705 1556 3161">
     <span class='ocr_line' id='line_1_21' title="bbox 162 2705 1455 2781; baseline -0.002 -21"><span class='ocrx_word' id='word_1_163' title='bbox 162 2739 165 2746; x_wconf 42' lang='grc' dir='ltr'>ι</span> <span class='ocrx_word' id='word_1_164' title='bbox 212 2705 335 2775; x_wconf 87' lang='lat' dir='ltr'><strong>[bominis</strong></span> <span class='ocrx_word' id='word_1_165' title='bbox 358 2709 486 2780; x_wconf 83' lang='lat' dir='ltr'><strong>gemitum</strong></span> <span class='ocrx_word' id='word_1_166' title='bbox 507 2709 626 2781; x_wconf 80' lang='lat' dir='ltr'><strong>percipit</strong></span> <span class='ocrx_word' id='word_1_167' title='bbox 663 2709 758 2780; x_wconf 80' lang='lat' dir='ltr'><strong>ltaque</strong></span> <span class='ocrx_word' id='word_1_168' title='bbox 781 2725 855 2762; x_wconf 87' lang='lat' dir='ltr'><strong>more</strong></span> <span class='ocrx_word' id='word_1_169' title='bbox 878 2709 976 2780; x_wconf 86' lang='lat' dir='ltr'><strong>ingenii</strong></span> <span class='ocrx_word' id='word_1_170' title='bbox 1000 2710 1107 2764; x_wconf 83' lang='lat' dir='ltr'><strong>humani</strong></span> <span class='ocrx_word' id='word_1_171' title='bbox 1128 2709 1237 2780; x_wconf 86' lang='lat' dir='ltr'><strong>cupidus</strong></span> <span class='ocrx_word' id='word_1_172' title='bbox 1255 2707 1371 2775; x_wconf 83' lang='lat' dir='ltr'><strong>visendi,</strong></span> <span class='ocrx_word' id='word_1_173' title='bbox 1389 2705 1455 2778; x_wconf 91' lang='lat' dir='ltr'><strong>quid</strong></span> 
     </span>
     <span class='ocr_line' id='line_1_22' title="bbox 212 2783 1455 2857; baseline 0.003 -23"><span class='ocrx_word' id='word_1_174' title='bbox 212 2783 250 2835; x_wconf 90' lang='lat' dir='ltr'><strong>rei</strong></span> <span class='ocrx_word' id='word_1_175' title='bbox 273 2783 395 2838; x_wconf 80' lang='lat' dir='ltr'><strong>vehiorlo</strong></span> <span class='ocrx_word' id='word_1_176' title='bbox 418 2784 472 2839; x_wconf 88' lang='lat' dir='ltr'><strong>isto</strong></span> <span class='ocrx_word' id='word_1_177' title='bbox 495 2788 673 2854; x_wconf 88' lang='lat' dir='ltr'><strong>conderetur,</strong></span> <span class='ocrx_word' id='word_1_178' title='bbox 697 2785 803 2841; x_wconf 83' lang='lat' dir='ltr'><strong>dimotis</strong></span> <span class='ocrx_word' id='word_1_179' title='bbox 827 2787 952 2856; x_wconf 85' lang='lat' dir='ltr'><strong>pellibus,</strong></span> <span class='ocrx_word' id='word_1_180' title='bbox 974 2787 1070 2857; x_wconf 90' lang='lat' dir='ltr'><strong>quibus</strong></span> <span class='ocrx_word' id='word_1_181' title='bbox 1092 2786 1227 2840; x_wconf 82' lang='lat' dir='ltr'><strong>obtectum</strong></span> <span class='ocrx_word' id='word_1_182' title='bbox 1248 2794 1319 2852; x_wconf 82' lang='lat' dir='ltr'><strong>erat,</strong></span> <span class='ocrx_word' id='word_1_183' title='bbox 1336 2784 1455 2838; x_wconf 81' lang='lat' dir='ltr'><strong>Dareum</strong></span> 
     </span>
     <span class='ocr_line' id='line_1_23' title="bbox 213 2859 1454 2934; baseline 0.002 -23"><span class='ocrx_word' id='word_1_184' title='bbox 213 2859 301 2912; x_wconf 86' lang='lat' dir='ltr'><strong>multis</strong></span> <span class='ocrx_word' id='word_1_185' title='bbox 322 2860 476 2916; x_wconf 80' lang='lat' dir='ltr'><strong>vulneribus</strong></span> <span class='ocrx_word' id='word_1_186' title='bbox 500 2864 653 2917; x_wconf 86' lang='lat' dir='ltr'><strong>confossum</strong></span> <span class='ocrx_word' id='word_1_187' title='bbox 675 2863 803 2934; x_wconf 77' lang='lat' dir='ltr'><strong>repperit</strong></span> <span class='ocrx_word' id='word_1_188' title='bbox 837 2861 940 2934; x_wconf 85' lang='lat' dir='ltr'><strong>Regina</strong></span> <span class='ocrx_word' id='word_1_189' title='bbox 963 2863 1033 2916; x_wconf 86' lang='lat' dir='ltr'><strong>anim</strong></span> <span class='ocrx_word' id='word_1_190' title='bbox 1051 2863 1149 2930; x_wconf 75' lang='lat' dir='ltr'><strong>edus,</strong></span> <span class='ocrx_word' id='word_1_191' title='bbox 1170 2871 1198 2915; x_wconf 88' lang='lat' dir='ltr'><strong>et</strong></span> <span class='ocrx_word' id='word_1_192' title='bbox 1218 2877 1315 2915; x_wconf 79' lang='lat' dir='ltr'><strong>aureae</strong></span> <span class='ocrx_word' id='word_1_193' title='bbox 1333 2868 1454 2926; x_wconf 69' lang='lat' dir='ltr'><strong>menae,</strong></span> 
     </span>
     <span class='ocr_line' id='line_1_24' title="bbox 213 2935 1454 3008; baseline 0.002 -22"><span class='ocrx_word' id='word_1_194' title='bbox 213 2935 271 3005; x_wconf 89' lang='lat' dir='ltr'><strong>quis</strong></span> <span class='ocrx_word' id='word_1_195' title='bbox 294 2952 310 2988; x_wconf 90' lang='lat' dir='ltr'><strong>a</strong></span> <span class='ocrx_word' id='word_1_196' title='bbox 333 2936 472 3006; x_wconf 83' lang='lat' dir='ltr'><strong>parricidis</strong></span> <span class='ocrx_word' id='word_1_197' title='bbox 493 2939 598 2994; x_wconf 81' lang='lat' dir='ltr'><strong>rinctus</strong></span> <span class='ocrx_word' id='word_1_198' title='bbox 626 2941 726 3008; x_wconf 87' lang='lat' dir='ltr'><strong>suerat,</strong></span> <span class='ocrx_word' id='word_1_199' title='bbox 754 2939 948 2994; x_wconf 84' lang='lat' dir='ltr'><strong>dubitationem</strong></span> <span class='ocrx_word' id='word_1_200' title='bbox 977 2938 1137 2993; x_wconf 82' lang='lat' dir='ltr'><strong>eximebant</strong></span> <span class='ocrx_word' id='word_1_201' title='bbox 1181 2939 1246 2993; x_wconf 91' lang='lat' dir='ltr'><strong>Non</strong></span> <span class='ocrx_word' id='word_1_202' title='bbox 1271 2945 1330 2991; x_wconf 89' lang='lat' dir='ltr'><strong>erat</strong></span> <span class='ocrx_word' id='word_1_203' title='bbox 1356 2951 1454 3008; x_wconf 86' lang='lat' dir='ltr'><strong>expers</strong></span> 
     </span>
     <span class='ocr_line' id='line_1_25' title="bbox 210 3009 1556 3097; baseline 0 -33"><span class='ocrx_word' id='word_1_204' title='bbox 210 3009 312 3097; x_wconf 65' lang='lat' dir='ltr'><strong>,Graeci</strong></span> <span class='ocrx_word' id='word_1_205' title='bbox 333 3013 464 3067; x_wconf 80' lang='lat' dir='ltr'><strong>sermonis</strong></span> <span class='ocrx_word' id='word_1_206' title='bbox 482 3013 601 3084; x_wconf 59' lang='lat' dir='ltr'><strong>Dareum</strong></span> <span class='ocrx_word' id='word_1_207' title='bbox 624 3016 778 3088; x_wconf 77' lang='lat' dir='ltr'><strong>gmtiasque</strong></span> <span class='ocrx_word' id='word_1_208' title='bbox 796 3017 896 3088; x_wconf 84' lang='lat' dir='ltr'><strong>agebat</strong></span> <span class='ocrx_word' id='word_1_209' title='bbox 918 3015 984 3083; x_wconf 84' lang='lat' dir='ltr'><strong>diis,</strong></span> <span class='ocrx_word' id='word_1_210' title='bbox 1007 3015 1052 3087; x_wconf 92' lang='lat' dir='ltr'><strong>qui</strong></span> <span class='ocrx_word' id='word_1_211' title='bbox 1070 3023 1132 3086; x_wconf 89' lang='lat' dir='ltr'><strong>post</strong></span> <span class='ocrx_word' id='word_1_212' title='bbox 1149 3023 1224 3068; x_wconf 87' lang='lat' dir='ltr'><strong>tanta</strong></span> <span class='ocrx_word' id='word_1_213' title='bbox 1240 3015 1324 3081; x_wconf 83' lang='lat' dir='ltr'><strong>male,</strong></span> <span class='ocrx_word' id='word_1_214' title='bbox 1346 3021 1455 3084; x_wconf 84' lang='lat' dir='ltr'><strong>tamquo</strong></span> <span class='ocrx_word' id='word_1_215' title='bbox 1548 3043 1556 3050; x_wconf 84' lang='lat'><em>·</em></span> 
     </span>
     <span class='ocr_line' id='line_1_26' title="bbox 214 3087 1455 3161; baseline 0.002 -21"><span class='ocrx_word' id='word_1_216' title='bbox 214 3103 315 3158; x_wconf 77' lang='lat' dir='ltr'><strong>grana,</strong></span> <span class='ocrx_word' id='word_1_217' title='bbox 333 3087 386 3142; x_wconf 88' lang='lat' dir='ltr'><strong>hoc</strong></span> <span class='ocrx_word' id='word_1_218' title='bbox 403 3097 494 3143; x_wconf 81' lang='lat' dir='ltr'><strong>tamen</strong></span> <span class='ocrx_word' id='word_1_219' title='bbox 512 3089 687 3146; x_wconf 84' lang='lat' dir='ltr'><strong>indulsissent</strong></span> <span class='ocrx_word' id='word_1_220' title='bbox 703 3093 809 3161; x_wconf 84' lang='lat' dir='ltr'><strong>solatii,</strong></span> <span class='ocrx_word' id='word_1_221' title='bbox 827 3109 861 3147; x_wconf 89' lang='lat' dir='ltr'><strong>ne</strong></span> <span class='ocrx_word' id='word_1_222' title='bbox 879 3091 987 3148; x_wconf 87' lang='lat' dir='ltr'><strong>omnino</strong></span> <span class='ocrx_word' id='word_1_223' title='bbox 1007 3091 1034 3144; x_wconf 89' lang='lat' dir='ltr'><strong>in</strong></span> <span class='ocrx_word' id='word_1_224' title='bbox 1052 3091 1194 3145; x_wconf 87' lang='lat' dir='ltr'><strong>solitudine</strong></span> <span class='ocrx_word' id='word_1_225' title='bbox 1212 3100 1359 3144; x_wconf 87' lang='lat' dir='ltr'><strong>extremum</strong></span> <span class='ocrx_word' id='word_1_226' title='bbox 1376 3087 1455 3160; x_wconf 85' lang='lat' dir='ltr'><strong>spiri·</strong></span> 
     </span>
    </p>
   </div>
   <div class='ocr_carea' id='block_1_4' title="bbox 126 3269 1531 4504">
    <p class='ocr_par' dir='ltr' id='par_1_4' title="bbox 126 3269 1531 4504">
     <span class='ocr_line' id='line_1_27' title="bbox 249 3269 1457 3342; baseline 0.002 -22"><span class='ocrx_word' id='word_1_227' title='bbox 249 3271 273 3333; x_wconf 69' lang='lat' dir='ltr'><strong>s.</strong></span> <span class='ocrx_word' id='word_1_228' title='bbox 292 3273 333 3321; x_wconf 84' lang='lat'><strong>20.</strong></span> <span class='ocrx_word' id='word_1_229' title='bbox 368 3279 396 3322; x_wconf 91' lang='lat' dir='ltr'><strong>ut</strong></span> <span class='ocrx_word' id='word_1_230' title='bbox 423 3286 540 3342; x_wconf 73' lang='lat' dir='ltr'><strong>praeeque</strong></span> <span class='ocrx_word' id='word_1_231' title='bbox 565 3273 742 3340; x_wconf 82' lang='lat' dir='ltr'><strong>prenderent,</strong></span> <span class='ocrx_word' id='word_1_232' title='bbox 762 3271 778 3324; x_wconf 92' lang='lat' dir='ltr'><strong>i.</strong></span> <span class='ocrx_word' id='word_1_233' title='bbox 796 3287 819 3325; x_wconf 91' lang='lat' dir='ltr'><strong>e.</strong></span> <span class='ocrx_word' id='word_1_234' title='bbox 856 3269 1025 3336; x_wconf 73' lang='lat' dir='ltr'><strong>CBernA3</strong></span> <span class='ocrx_word' id='word_1_235' title='bbox 1043 3289 1164 3341; x_wconf 72' lang='lat' dir='ltr'><strong>poenaque</strong></span> <span class='ocrx_word' id='word_1_236' title='bbox 1177 3272 1339 3340; x_wconf 80' lang='lat' dir='ltr'><strong>prenderent</strong></span> <span class='ocrx_word' id='word_1_237' title='bbox 1357 3269 1457 3323; x_wconf 81' lang='lat' dir='ltr'><strong>habeut</strong></span> 
     </span>
     <span class='ocr_line' id='line_1_28' title="bbox 215 3335 1455 3415; baseline 0.001 -25"><span class='ocrx_word' id='word_1_238' title='bbox 215 3335 375 3415; x_wconf 75' lang='lat' dir='ltr'><strong>blacedoues</strong></span> <span class='ocrx_word' id='word_1_239' title='bbox 398 3355 448 3407; x_wconf 88' lang='lat' dir='ltr'><strong>pro</strong></span> <span class='ocrx_word' id='word_1_240' title='bbox 470 3338 628 3409; x_wconf 82' lang='lat' dir='ltr'><strong>aequisque</strong></span> <span class='ocrx_word' id='word_1_241' title='bbox 647 3339 668 3392; x_wconf 88' lang='lat' dir='ltr'><strong>si</strong></span> <span class='ocrx_word' id='word_1_242' title='bbox 687 3341 758 3408; x_wconf 88' lang='lat' dir='ltr'><strong>quod</strong></span> <span class='ocrx_word' id='word_1_243' title='bbox 775 3357 820 3393; x_wconf 84' lang='lat' dir='ltr'><strong>ve·</strong></span> <span class='ocrx_word' id='word_1_244' title='bbox 854 3338 925 3392; x_wconf 86' lang='lat' dir='ltr'><strong>Flor.</strong></span> <span class='ocrx_word' id='word_1_245' title='bbox 943 3339 1042 3404; x_wconf 88' lang='lat' dir='ltr'><strong>BFGI,</strong></span> <span class='ocrx_word' id='word_1_246' title='bbox 1059 3357 1179 3410; x_wconf 79' lang='lat' dir='ltr'><strong>quemque</strong></span> <span class='ocrx_word' id='word_1_247' title='bbox 1193 3341 1351 3408; x_wconf 84' lang='lat' dir='ltr'><strong>prenderent</strong></span> <span class='ocrx_word' id='word_1_248' title='bbox 1368 3337 1455 3392; x_wconf 83' lang='lat' dir='ltr'><strong>Patl</strong></span> 
     </span>
     <span class='ocr_line' id='line_1_29' title="bbox 215 3403 1457 3480; baseline 0.003 -24"><span class='ocrx_word' id='word_1_249' title='bbox 215 3403 330 3457; x_wconf 77' lang='lat' dir='ltr'><strong>haculum</strong></span> <span class='ocrx_word' id='word_1_250' title='bbox 365 3405 520 3473; x_wconf 76' lang='lat' dir='ltr'><strong>tenderunt,</strong></span> <span class='ocrx_word' id='word_1_251' title='bbox 546 3407 665 3460; x_wconf 89' lang='lat' dir='ltr'><strong>studiose</strong></span> <span class='ocrx_word' id='word_1_252' title='bbox 687 3407 821 3478; x_wconf 89' lang='lat' dir='ltr'><strong>perquire·</strong></span> <span class='ocrx_word' id='word_1_253' title='bbox 855 3406 927 3480; x_wconf 85' lang='lat' dir='ltr'><strong>Flor.</strong></span> <span class='ocrx_word' id='word_1_254' title='bbox 953 3407 995 3475; x_wconf 94' lang='lat' dir='ltr'><strong>D,</strong></span> <span class='ocrx_word' id='word_1_255' title='bbox 1017 3425 1139 3478; x_wconf 68' lang='lat' dir='ltr'><strong>querneae</strong></span> <span class='ocrx_word' id='word_1_256' title='bbox 1156 3410 1297 3476; x_wconf 80' lang='lat' dir='ltr'><strong>prenderet</strong></span> <span class='ocrx_word' id='word_1_257' title='bbox 1319 3423 1335 3458; x_wconf 89' lang='lat' dir='ltr'><strong>a</strong></span> <span class='ocrx_word' id='word_1_258' title='bbox 1377 3425 1398 3459; x_wconf 87' lang='lat' dir='ltr'><strong>r.</strong></span> <span class='ocrx_word' id='word_1_259' title='bbox 1421 3423 1457 3460; x_wconf 88' lang='lat' dir='ltr'><strong>m.</strong></span> 
     </span>
     <span class='ocr_line' id='line_1_30' title="bbox 215 3423 1456 3551; baseline 0.001 -25"><span class='ocrx_word' id='word_1_260' title='bbox 215 3473 289 3551; x_wconf 79' lang='lat' dir='ltr'><strong>bant.</strong></span> <span class='ocrx_word' id='word_1_261' title='bbox 332 3423 388 3526; x_wconf 56' lang='lat' dir='ltr'><strong>sled</strong></span> <span class='ocrx_word' id='word_1_262' title='bbox 424 3473 621 3529; x_wconf 88' lang='lat' dir='ltr'><strong>coniunctivum</strong></span> <span class='ocrx_word' id='word_1_263' title='bbox 651 3477 759 3529; x_wconf 91' lang='lat' dir='ltr'><strong>modum</strong></span> <span class='ocrx_word' id='word_1_264' title='bbox 794 3477 821 3529; x_wconf 91' lang='lat' dir='ltr'><strong>iu</strong></span> <span class='ocrx_word' id='word_1_265' title='bbox 856 3475 927 3528; x_wconf 84' lang='lat' dir='ltr'><strong>Flor.</strong></span> <span class='ocrx_word' id='word_1_266' title='bbox 944 3475 982 3543; x_wconf 86' lang='lat' dir='ltr'><strong>E,</strong></span> <span class='ocrx_word' id='word_1_267' title='bbox 1004 3493 1126 3546; x_wconf 77' lang='lat' dir='ltr'><strong>quemque</strong></span> <span class='ocrx_word' id='word_1_268' title='bbox 1139 3478 1328 3545; x_wconf 76' lang='lat' dir='ltr'><strong>pretenderent</strong></span> <span class='ocrx_word' id='word_1_269' title='bbox 1371 3479 1456 3528; x_wconf 81' lang='lat' dir='ltr'><strong>ots.2</strong></span> 
     </span>
     <span class='ocr_line' id='line_1_31' title="bbox 216 3541 1457 3622; baseline 0.002 -31"><span class='ocrx_word' id='word_1_270' title='bbox 216 3549 318 3619; x_wconf 72' lang='lat' dir='ltr'><strong>actrom</strong></span> <span class='ocrx_word' id='word_1_271' title='bbox 348 3559 428 3622; x_wconf 84' lang='lat' dir='ltr'><strong>saepe</strong></span> <span class='ocrx_word' id='word_1_272' title='bbox 463 3543 579 3614; x_wconf 83' lang='lat' dir='ltr'><strong>repetita</strong></span> <span class='ocrx_word' id='word_1_273' title='bbox 613 3543 650 3598; x_wconf 89' lang='lat' dir='ltr'><strong>sic</strong></span> <span class='ocrx_word' id='word_1_274' title='bbox 686 3543 822 3615; x_wconf 83' lang='lat' dir='ltr'><strong>eleganter</strong></span> <span class='ocrx_word' id='word_1_275' title='bbox 855 3543 927 3598; x_wconf 87' lang='lat' dir='ltr'><strong>Flor.</strong></span> <span class='ocrx_word' id='word_1_276' title='bbox 945 3544 987 3610; x_wconf 87' lang='lat' dir='ltr'><strong>H,</strong></span> <span class='ocrx_word' id='word_1_277' title='bbox 1011 3562 1133 3615; x_wconf 79' lang='lat' dir='ltr'><strong>quemque</strong></span> <span class='ocrx_word' id='word_1_278' title='bbox 1146 3547 1316 3615; x_wconf 78' lang='lat' dir='ltr'><strong>pretenderet</strong></span> <span class='ocrx_word' id='word_1_279' title='bbox 1334 3543 1413 3597; x_wconf 88' lang='lat' dir='ltr'><strong>Bern.</strong></span> <span class='ocrx_word' id='word_1_280' title='bbox 1423 3541 1457 3594; x_wconf 91' lang='lat' dir='ltr'><strong>B.</strong></span> 
     </span>
     <span class='ocr_line' id='line_1_32' title="bbox 215 3609 1458 3684; baseline 0.001 -23"><span class='ocrx_word' id='word_1_281' title='bbox 215 3624 280 3678; x_wconf 84' lang='lat' dir='ltr'><strong>pont</strong></span> <span class='ocrx_word' id='word_1_282' title='bbox 298 3609 376 3664; x_wconf 88' lang='lat' dir='ltr'><strong>docui</strong></span> <span class='ocrx_word' id='word_1_283' title='bbox 393 3629 421 3664; x_wconf 88' lang='lat' dir='ltr'><strong>m</strong></span> <span class='ocrx_word' id='word_1_284' title='bbox 439 3629 549 3682; x_wconf 52' lang='lat' dir='ltr'><strong>pamm.</strong></span> <span class='ocrx_word' id='word_1_285' title='bbox 568 3615 592 3681; x_wconf 83' lang='lat'><strong>§.</strong></span> <span class='ocrx_word' id='word_1_286' title='bbox 610 3619 670 3667; x_wconf 82' lang='lat' dir='ltr'><strong>tta.</strong></span> <span class='ocrx_word' id='word_1_287' title='bbox 688 3613 822 3666; x_wconf 86' lang='lat' dir='ltr'><strong>Prendere</strong></span> <span class='ocrx_word' id='word_1_288' title='bbox 856 3612 947 3667; x_wconf 86' lang='lat' dir='ltr'><strong>Editio</strong></span> <span class='ocrx_word' id='word_1_289' title='bbox 964 3613 1045 3684; x_wconf 88' lang='lat' dir='ltr'><strong>princ.</strong></span> <span class='ocrx_word' id='word_1_290' title='bbox 1056 3614 1116 3667; x_wconf 79' lang='lat' dir='ltr'><strong>Ald.</strong></span> <span class='ocrx_word' id='word_1_291' title='bbox 1130 3630 1245 3683; x_wconf 74' lang='lat' dir='ltr'><strong>puerique</strong></span> <span class='ocrx_word' id='word_1_292' title='bbox 1258 3614 1458 3680; x_wconf 80' lang='lat' dir='ltr'><strong>pretenderent,</strong></span> 
     </span>
     <span class='ocr_line' id='line_1_33' title="bbox 215 3677 1459 3751; baseline 0 -21"><span class='ocrx_word' id='word_1_293' title='bbox 215 3684 306 3730; x_wconf 74' lang='lat' dir='ltr'><strong>auum</strong></span> <span class='ocrx_word' id='word_1_294' title='bbox 328 3677 417 3748; x_wconf 79' lang='lat' dir='ltr'><strong>potius</strong></span> <span class='ocrx_word' id='word_1_295' title='bbox 438 3697 517 3750; x_wconf 74' lang='lat' dir='ltr'><strong>quam</strong></span> <span class='ocrx_word' id='word_1_296' title='bbox 531 3684 694 3750; x_wconf 76' lang='lat' dir='ltr'><strong>prehendere</strong></span> <span class='ocrx_word' id='word_1_297' title='bbox 717 3692 823 3734; x_wconf 83' lang='lat' dir='ltr'><strong>avete·</strong></span> <span class='ocrx_word' id='word_1_298' title='bbox 857 3681 916 3733; x_wconf 86' lang='lat' dir='ltr'><strong>Iun.</strong></span> <span class='ocrx_word' id='word_1_299' title='bbox 948 3699 1064 3751; x_wconf 75' lang='lat' dir='ltr'><strong>querique</strong></span> <span class='ocrx_word' id='word_1_300' title='bbox 1085 3683 1296 3750; x_wconf 73' lang='lat' dir='ltr'><strong>prehenderunt,</strong></span> <span class='ocrx_word' id='word_1_301' title='bbox 1327 3679 1402 3733; x_wconf 87' lang='lat' dir='ltr'><strong>Mod.</strong></span> <span class='ocrx_word' id='word_1_302' title='bbox 1429 3685 1459 3730; x_wconf 81' lang='lat' dir='ltr'><strong>et</strong></span> 
     </span>
     <span class='ocr_line' id='line_1_34' title="bbox 216 3745 1445 3870; baseline 0.002 -72"><span class='ocrx_word' id='word_1_303' title='bbox 216 3745 337 3826; x_wconf 53' lang='grc' dir='ltr'><strong>ςὶὴωμ</strong></span> <span class='ocrx_word' id='word_1_304' title='bbox 353 3748 556 3818; x_wconf 84' lang='lat' dir='ltr'><strong>pronuntiatum</strong></span> <span class='ocrx_word' id='word_1_305' title='bbox 577 3757 606 3802; x_wconf 86' lang='lat' dir='ltr'><strong>et</strong></span> <span class='ocrx_word' id='word_1_306' title='bbox 623 3749 751 3820; x_wconf 87' lang='lat' dir='ltr'><strong>scriptum</strong></span> <span class='ocrx_word' id='word_1_307' title='bbox 767 3765 825 3803; x_wconf 88' lang='lat' dir='ltr'><strong>esse</strong></span> <span class='ocrx_word' id='word_1_308' title='bbox 858 3748 938 3870; x_wconf 49' lang='lat' dir='ltr'><strong>rugo</strong></span> <span class='ocrx_word' id='word_1_309' title='bbox 956 3767 1070 3820; x_wconf 75' lang='lat' dir='ltr'><strong>patreque</strong></span> <span class='ocrx_word' id='word_1_310' title='bbox 1084 3751 1285 3818; x_wconf 79' lang='lat' dir='ltr'><strong>prehenderunt.</strong></span> <span class='ocrx_word' id='word_1_311' title='bbox 1428 3813 1445 3826; x_wconf 90' lang='lat'><strong>..</strong></span> 
     </span>
     <span class='ocr_line' id='line_1_35' title="bbox 218 3813 1458 3888; baseline -0.002 -20"><span class='ocrx_word' id='word_1_312' title='bbox 218 3815 305 3868; x_wconf 83' lang='lat' dir='ltr'><strong>rdouer</strong></span> <span class='ocrx_word' id='word_1_313' title='bbox 327 3823 390 3868; x_wconf 76' lang='lat' dir='ltr'><strong>nint</strong></span> <span class='ocrx_word' id='word_1_314' title='bbox 412 3823 535 3870; x_wconf 87' lang='lat' dir='ltr'><strong>auctores</strong></span> <span class='ocrx_word' id='word_1_315' title='bbox 557 3818 734 3887; x_wconf 84' lang='lat' dir='ltr'><strong>grammatici,</strong></span> <span class='ocrx_word' id='word_1_316' title='bbox 759 3835 824 3888; x_wconf 92' lang='lat' dir='ltr'><strong>quo-</strong></span> <span class='ocrx_word' id='word_1_317' title='bbox 918 3833 960 3888; x_wconf 89' lang='lat' dir='ltr'><strong>ap.</strong></span> <span class='ocrx_word' id='word_1_318' title='bbox 979 3825 1022 3884; x_wconf 80' lang='lat'><strong>38,</strong></span> <span class='ocrx_word' id='word_1_319' title='bbox 1041 3822 1065 3883; x_wconf 60' lang='lat' dir='ltr'><strong>§c</strong></span> <span class='ocrx_word' id='word_1_320' title='bbox 1083 3824 1126 3870; x_wconf 82' lang='lat'><strong>25.</strong></span> <span class='ocrx_word' id='word_1_321' title='bbox 1160 3815 1357 3882; x_wconf 70' lang='lat' dir='ltr'><strong>seint-ici*‘**]</strong></span> <span class='ocrx_word' id='word_1_322' title='bbox 1382 3813 1458 3866; x_wconf 82' lang='lat' dir='ltr'><strong>Adn-</strong></span> 
     </span>
     <span class='ocr_line' id='line_1_36' title="bbox 219 3881 1459 3940; baseline 0.002 -6"><span class='ocrx_word' id='word_1_323' title='bbox 219 3901 278 3935; x_wconf 89' lang='lat' dir='ltr'><strong>rum</strong></span> <span class='ocrx_word' id='word_1_324' title='bbox 295 3883 491 3937; x_wconf 81' lang='lat' dir='ltr'><strong>observationes</strong></span> <span class='ocrx_word' id='word_1_325' title='bbox 514 3903 593 3939; x_wconf 81' lang='lat' dir='ltr'><strong>exoer</strong></span> <span class='ocrx_word' id='word_1_326' title='bbox 612 3894 654 3938; x_wconf 83' lang='lat' dir='ltr'><strong>tae</strong></span> <span class='ocrx_word' id='word_1_327' title='bbox 677 3887 737 3939; x_wconf 83' lang='lat' dir='ltr'><strong>vide</strong></span> <span class='ocrx_word' id='word_1_328' title='bbox 754 3905 771 3940; x_wconf 84' lang='lat' dir='ltr'><strong>a</strong></span> <span class='ocrx_word' id='word_1_329' title='bbox 789 3887 824 3940; x_wconf 87' lang='lat' dir='ltr'><strong>ud</strong></span> <span class='ocrx_word' id='word_1_330' title='bbox 859 3885 928 3938; x_wconf 89' lang='lat' dir='ltr'><strong>citur</strong></span> <span class='ocrx_word' id='word_1_331' title='bbox 945 3888 1055 3938; x_wconf 77' lang='lat' dir='ltr'><strong>bontinis</strong></span> <span class='ocrx_word' id='word_1_332' title='bbox 1072 3886 1100 3939; x_wconf 91' lang='lat' dir='ltr'><strong>in</strong></span> <span class='ocrx_word' id='word_1_333' title='bbox 1116 3887 1151 3938; x_wconf 85' lang='lat' dir='ltr'><strong>ali</strong></span> <span class='ocrx_word' id='word_1_334' title='bbox 1172 3893 1218 3938; x_wconf 89' lang='lat' dir='ltr'><strong>not</strong></span> <span class='ocrx_word' id='word_1_335' title='bbox 1236 3882 1308 3937; x_wconf 90' lang='lat' dir='ltr'><strong>libris</strong></span> <span class='ocrx_word' id='word_1_336' title='bbox 1320 3881 1459 3936; x_wconf 83' lang='lat' dir='ltr'><strong>deterion&#39;s</strong></span> 
     </span>
     <span class='ocr_line' id='line_1_37' title="bbox 220 3903 1461 4034; baseline -0.001 -30"><span class='ocrx_word' id='word_1_337' title='bbox 220 3949 301 4004; x_wconf 82' lang='lat' dir='ltr'><strong>conr.</strong></span> <span class='ocrx_word' id='word_1_338' title='bbox 320 3949 512 4031; x_wconf 76' lang='lat' dir='ltr'><strong>Sclrneiderum</strong></span> <span class='ocrx_word' id='word_1_339' title='bbox 533 3953 560 4006; x_wconf 94' lang='lat' dir='ltr'><strong>in</strong></span> <span class='ocrx_word' id='word_1_340' title='bbox 604 3954 664 4033; x_wconf 78' lang='lat' dir='ltr'><strong>lem.</strong></span> <span class='ocrx_word' id='word_1_341' title='bbox 683 3954 746 4026; x_wconf 88' lang='lat' dir='ltr'><strong>ling.</strong></span> <span class='ocrx_word' id='word_1_342' title='bbox 789 3963 824 4034; x_wconf 60' lang='lat' dir='ltr'><strong>,lt</strong></span> <span class='ocrx_word' id='word_1_343' title='bbox 859 3953 984 4033; x_wconf 75' lang='lat' dir='ltr'><strong>faudliae,</strong></span> <span class='ocrx_word' id='word_1_344' title='bbox 1007 3954 1128 4033; x_wconf 37' lang='lat' dir='ltr'><strong>BemffiB</strong></span> <span class='ocrx_word' id='word_1_345' title='bbox 1147 3903 1217 4007; x_wconf 65' lang='lat' dir='ltr'><strong>lltor.</strong></span> <span class='ocrx_word' id='word_1_346' title='bbox 1235 3951 1338 4006; x_wconf 88' lang='lat' dir='ltr'>CEGH</span> <span class='ocrx_word' id='word_1_347' title='bbox 1353 3958 1383 4031; x_wconf 73' lang='lat' dir='ltr'><strong>et</strong></span> <span class='ocrx_word' id='word_1_348' title='bbox 1400 3949 1461 4004; x_wconf 89' lang='lat' dir='ltr'><strong>edd.</strong></span> 
     </span>
     <span class='ocr_line' id='line_1_38' title="bbox 220 4019 1531 4160; baseline 0.001 -18"><span class='ocrx_word' id='word_1_349' title='bbox 220 4024 381 4142; x_wconf 70' lang='lat' dir='ltr'><strong>atem</strong></span> <span class='ocrx_word' id='word_1_350' title='bbox 394 4021 826 4147; x_wconf 55' lang='lat' dir='ltr'><strong>asternunt!</strong></span> <span class='ocrx_word' id='word_1_351' title='bbox 859 4019 1462 4160; x_wconf 65' lang='lat' dir='ltr'><strong>tttttuttnttttttst</strong></span> <span class='ocrx_word' id='word_1_352' title='bbox 1529 4139 1531 4143; x_wconf 78' lang='grc'>,</span> 
     </span>
     <span class='ocr_line' id='line_1_39' title="bbox 220 4157 1462 4230; baseline 0.001 -22"><span class='ocrx_word' id='word_1_353' title='bbox 220 4161 351 4223; x_wconf 85' lang='lat' dir='ltr'><strong>strarant,</strong></span> <span class='ocrx_word' id='word_1_354' title='bbox 374 4157 435 4210; x_wconf 89' lang='lat' dir='ltr'><strong>vide</strong></span> <span class='ocrx_word' id='word_1_355' title='bbox 458 4157 543 4211; x_wconf 76' lang='lat' dir='ltr'><strong>Drnln</strong></span> <span class='ocrx_word' id='word_1_356' title='bbox 566 4159 599 4211; x_wconf 91' lang='lat' dir='ltr'><strong>ad</strong></span> <span class='ocrx_word' id='word_1_357' title='bbox 617 4159 662 4212; x_wconf 92' lang='lat' dir='ltr'><strong>lib.</strong></span> <span class='ocrx_word' id='word_1_358' title='bbox 682 4174 716 4223; x_wconf 88' lang='lat'><strong>11,</strong></span> <span class='ocrx_word' id='word_1_359' title='bbox 733 4166 780 4226; x_wconf 75' lang='lat'><strong>29,</strong></span> <span class='ocrx_word' id='word_1_360' title='bbox 798 4168 825 4228; x_wconf 80' lang='lat'><strong>4,</strong></span> <span class='ocrx_word' id='word_1_361' title='bbox 860 4175 895 4212; x_wconf 86' lang='lat' dir='ltr'><strong>ex</strong></span> <span class='ocrx_word' id='word_1_362' title='bbox 912 4159 1030 4230; x_wconf 86' lang='lat' dir='ltr'><strong>proximo</strong></span> <span class='ocrx_word' id='word_1_363' title='bbox 1048 4177 1100 4229; x_wconf 84' lang='lat' dir='ltr'><strong>seq.</strong></span> <span class='ocrx_word' id='word_1_364' title='bbox 1119 4158 1185 4212; x_wconf 93' lang='lat' dir='ltr'><strong>libro</strong></span> <span class='ocrx_word' id='word_1_365' title='bbox 1198 4175 1305 4228; x_wconf 79' lang='lat' dir='ltr'><strong>pnpnoe</strong></span> <span class='ocrx_word' id='word_1_366' title='bbox 1314 4159 1462 4224; x_wconf 67' lang='lat' dir='ltr'><strong>discrimen,</strong></span> 
     </span>
     <span class='ocr_line' id='line_1_40' title="bbox 126 4225 1463 4309; baseline -0.001 -31"><span class='ocrx_word' id='word_1_367' title='bbox 126 4271 132 4278; x_wconf 93' lang='lat'>.</span> <span class='ocrx_word' id='word_1_368' title='bbox 221 4239 322 4293; x_wconf 87' lang='lat' dir='ltr'><strong>uosque</strong></span> <span class='ocrx_word' id='word_1_369' title='bbox 352 4225 424 4306; x_wconf 82' lang='lat' dir='ltr'><strong>apud</strong></span> <span class='ocrx_word' id='word_1_370' title='bbox 456 4226 579 4280; x_wconf 87' lang='lat' dir='ltr'><strong>Curtium</strong></span> <span class='ocrx_word' id='word_1_371' title='bbox 598 4226 654 4307; x_wconf 78' lang='lat' dir='ltr'><strong>lib.</strong></span> <span class='ocrx_word' id='word_1_372' title='bbox 679 4242 723 4309; x_wconf 61' lang='lat'><strong>¹51¹</strong></span> <span class='ocrx_word' id='word_1_373' title='bbox 757 4236 826 4308; x_wconf 76' lang='lat' dir='ltr'><strong>extr.</strong></span> <span class='ocrx_word' id='word_1_374' title='bbox 860 4227 887 4280; x_wconf 93' lang='lat' dir='ltr'><strong>in</strong></span> <span class='ocrx_word' id='word_1_375' title='bbox 905 4229 1024 4299; x_wconf 86' lang='lat' dir='ltr'><strong>margine</strong></span> <span class='ocrx_word' id='word_1_376' title='bbox 1041 4229 1075 4280; x_wconf 89' lang='lat' dir='ltr'><strong>ab</strong></span> <span class='ocrx_word' id='word_1_377' title='bbox 1092 4228 1183 4306; x_wconf 83' lang='lat' dir='ltr'><strong>eadem</strong></span> <span class='ocrx_word' id='word_1_378' title='bbox 1201 4245 1279 4306; x_wconf 84' lang='lat' dir='ltr'><strong>manu</strong></span> <span class='ocrx_word' id='word_1_379' title='bbox 1295 4225 1341 4279; x_wconf 90' lang='lat' dir='ltr'><strong>sed</strong></span> <span class='ocrx_word' id='word_1_380' title='bbox 1358 4225 1463 4304; x_wconf 75' lang='lat' dir='ltr'><strong>diverso</strong></span> 
     </span>
     <span class='ocr_line' id='line_1_41' title="bbox 218 4297 1463 4436; baseline 0.002 -24"><span class='ocrx_word' id='word_1_381' title='bbox 218 4301 528 4417; x_wconf 60' lang='lat' dir='ltr'><strong>ttt‘fmtt‘tttt&#39;</strong></span> <span class='ocrx_word' id='word_1_382' title='bbox 539 4297 827 4436; x_wconf 45' lang='lat' dir='ltr'><strong>Quintilii?</strong></span> <span class='ocrx_word' id='word_1_383' title='bbox 861 4297 1463 4436; x_wconf 60' lang='lat' dir='ltr'><strong>t‘tttttttttttstttttttttt</strong></span> 
     </span>
     <span class='ocr_line' id='line_1_42' title="bbox 223 4429 1233 4504; baseline 0.007 -23"><span class='ocrx_word' id='word_1_384' title='bbox 223 4431 312 4482; x_wconf 84' lang='lat' dir='ltr'><strong>derent</strong></span> <span class='ocrx_word' id='word_1_385' title='bbox 329 4429 428 4501; x_wconf 86' lang='lat' dir='ltr'><strong>legitur</strong></span> <span class='ocrx_word' id='word_1_386' title='bbox 444 4431 472 4486; x_wconf 92' lang='lat' dir='ltr'><strong>iu</strong></span> <span class='ocrx_word' id='word_1_387' title='bbox 490 4431 564 4486; x_wconf 89' lang='lat' dir='ltr'><strong>Leid.</strong></span> <span class='ocrx_word' id='word_1_388' title='bbox 583 4433 659 4487; x_wconf 85' lang='lat' dir='ltr'><strong>Voss.</strong></span> <span class='ocrx_word' id='word_1_389' title='bbox 680 4443 692 4488; x_wconf 93' lang='lat'>1</span> <span class='ocrx_word' id='word_1_390' title='bbox 712 4434 783 4490; x_wconf 84' lang='lat' dir='ltr'><strong>Flor.</strong></span> <span class='ocrx_word' id='word_1_391' title='bbox 801 4437 827 4489; x_wconf 83' lang='lat' dir='ltr'><strong>A</strong></span> <span class='ocrx_word' id='word_1_392' title='bbox 861 4443 885 4487; x_wconf 88' lang='lat' dir='ltr'><strong>et</strong></span> <span class='ocrx_word' id='word_1_393' title='bbox 898 4437 1058 4504; x_wconf 69' lang='lat' dir='ltr'><strong>principiam</strong></span> <span class='ocrx_word' id='word_1_394' title='bbox 1076 4436 1165 4504; x_wconf 76' lang='lat' dir='ltr'><strong>perlati.</strong></span> <span class='ocrx_word' id='word_1_395' title='bbox 1228 4463 1233 4470; x_wconf 93' lang='lat'><strong>·</strong></span> 
     </span>
    </p>
   </div>
   <div class='ocr_carea' id='block_1_5' title="bbox 0 0 1698 5066">
    <p class='ocr_par' dir='ltr' id='par_1_5' title="bbox 0 0 1698 5066">
     <span class='ocr_line' id='line_1_43' title="bbox 0 0 1698 5066; baseline 0 0"><span class='ocrx_word' id='word_1_396' title='bbox 0 0 1698 5066; x_wconf 95' lang='lat' dir='ltr'><strong> </strong></span> 
     </span>
    </p>
   </div>
  </div>
 </body>
</html>
