3324 5054
557 299 607 376 ni:
635 327 764 380 ansrrs
791 327 902 376 saux.
929 327 980 376 rv.
1006 323 1052 376 rs.
1370 305 1417 376 99

116 531 119 540 ¹
173 503 257 576 dum
289 506 418 603 prioris
454 509 614 582 vulneris
649 505 808 580 obducta
834 506 1015 594 cicatrice,
1050 505 1143 577 inter
1170 508 1342 604 primores
1370 505 1419 579 di·

171 615 297 706 micat,
331 618 386 690 ire
417 643 561 714 quoque
594 641 782 707 accensus,
817 614 916 712 quod
948 615 1021 689 duo
1047 617 1083 688 in
1110 615 1295 690 obsidione
1322 619 1419 691 urbis

127 744 155 790 ²⁵
172 727 246 800 eius
272 729 425 802 vulnera
451 738 651 824 acceperat.
677 727 803 818 Betim,
830 730 976 825 egregia
1001 726 1098 801 edita
1123 753 1259 826 pugna,
1285 728 1419 800 multis·

172 863 240 934 que
267 837 479 912 vulneribus
515 838 736 930 confectum,
771 838 1009 912 deseruerunt
1034 839 1098 924 sui,
1126 863 1192 910 nec
1219 849 1338 910 tamen
1365 860 1417 908 se·

170 950 275 1046 gnius
301 947 478 1042 proelium
505 952 727 1046 capessebat,
754 948 898 1020 lubricis
926 949 1033 1020 armis
1060 972 1125 1020 suo
1153 948 1285 1044 puriter
1311 957 1418 1043 atque

125 1075 154 1123 ιι
171 1057 331 1130 hostium
343 1058 529 1155 sunguine.
570 1057 644 1134 Sed
663 1083 745 1132 cum
771 1056 929 1153 undique
956 1058 1035 1131 telis
1049 1059 1127 1102 Μ
1155 1082 1225 1153 quo
1252 1054 1419 1144 adducto,

169 1167 339 1239 insolenti
364 1168 499 1266 gaudio
524 1170 666 1242 iuvenis
692 1169 817 1257 elatus,
831 1169 919 1241 alias
945 1168 1089 1241 virtutis
1117 1169 1224 1240 etiam
1249 1168 1286 1240 in
1312 1168 1416 1240 hoste

169 1277 329 1369 mirator,
355 1305 424 1354 non
448 1294 487 1352 nt
509 1279 651 1370 uoluutr',
676 1279 800 1375 inquit,
812 1279 1050 1370 mederisma
1074 1277 1232 1378 quiequid
1255 1278 1293 1350 in
1318 1276 1418 1374 eapti·

124 1405 152 1452 ²⁷
169 1415 258 1462 ιιιιιιι-
277 1389 425 1464 mussini
446 1401 566 1486 polea,
591 1416 781 1488 passurum
806 1415 876 1464 esse
902 1403 931 1463 le
957 1390 1072 1488 cupita.
1125 1387 1188 1460 llle
1214 1413 1285 1462 uon
1312 1389 1419 1460 inter-

169 1500 241 1573 rito
265 1499 388 1587 modo,
402 1497 468 1572 sed
494 1501 697 1574 contumaci
723 1525 864 1596 quoque
889 1503 994 1574 vultu
1019 1501 1161 1572 intuens
1186 1523 1318 1596 regem,
1344 1498 1419 1571 nul·

123 1627 153 1676 ιι
168 1611 243 1684 lem
270 1609 318 1682 ad
343 1609 460 1681 minas
488 1610 564 1683 eius
590 1609 748 1683 reddidit
773 1635 910 1683 vocem.
964 1609 1056 1683 Tum
1082 1608 1304 1699 Alexander,
1330 1609 1419 1682 uide·

169 1720 255 1794 usne
285 1719 485 1794 datiuum
519 1721 568 1794 ad
604 1719 806 1794 locedien?
844 1719 969 1818 inquit
1034 1720 1132 1795 Num
1166 1745 1256 1820 penu
1285 1717 1421 1817 posui?

168 1856 255 1902 ιιιιιιι
288 1856 401 1906 vocem
435 1831 622 1930 supplicem
651 1830 766 1904 meir?
809 1830 954 1906 Vincam
989 1844 1098 1905 tumen
1129 1831 1310 1922 εἱῦιιιὶίιιιη,
1336 1829 1423 1904 etsi

122 1959 153 2008 ιι
168 1939 259 2014 ru'lu'l
282 1942 388 2033 aliad,
413 1955 500 2016 cerie
521 1941 649 2041 partita
674 1941 894 2040 inerpellabo.
930 1940 989 2014 Ira
1015 1940 1143 2014 deinde
1169 1941 1280 2016 vertit
1304 1942 1339 2014 in
1366 1965 1420 2012 ra·

205 2161 230 2226 5.
249 2164 294 2212 2⁰.
329 2161 378 2212 sed
403 2176 460 2212 eran
488 2161 603 2228 undique
630 2159 688 2210 telis
710 2158 784 2228 xxx]
820 2157 908 2212 verbis
926 2159 1009 2212 secuti
1027 2175 1115 2212 sumus
1132 2156 1421 2212 BernrtetFlonnss

168 2225 260 2280 lours
278 2225 341 2279 olim
359 2242 394 2278 ex
412 2225 590 2280 deterioribus
608 2225 684 2280 codd.
702 2225 785 2294 (Flor.
820 2225 1079 2298 acSigebergensem
1089 2225 1171 2279 Medii
1190 2225 1306 2296 aliosque
1318 2223 1423 2278 multos.

170 2295 283 2364 quidem
303 2293 406 2361 DEFI)
428 2294 467 2348 sic
488 2295 630 2348 edebatur:
659 2297 707 2347 sed
728 2311 785 2348 cum
855 2297 878 2362 §.
896 2301 939 2348 28.
979 2313 1062 2348 noenu
1089 2295 1230 2362 supplicem
1252 2309 1341 2347 omnes
1362 2292 1423 2346 libri

168 2364 290 2432 rudique
312 2365 369 2416 telis
396 2372 435 2416 est
452 2365 646 2416 circumductus
664 2363 786 2414 insolenti
820 2362 920 2416 nostri:
937 2363 1019 2432 vulgo
1034 2361 1138 2415 inverso
1154 2360 1253 2414 ordine.

169 2441 223 2484 eet.
246 2429 333 2499 (Flor.
352 2427 379 2484 G
397 2432 576 2484 circundatus
595 2431 675 2500 quasi
692 2433 784 2483 ductus
853 2431 952 2499 penita
970 2431 1138 2500 interpellabo
1155 2429 1204 2482 ie.
1222 2429 1422 2510 interrumpam:

168 2499 217 2552 sed
236 2498 333 2552 deletis
350 2499 392 2550 bis
410 2499 550 2569 postremis
565 2498 787 2566 duobusrerbis.)
820 2497 843 2552 si
857 2510 1054 2570 tecogerenon
1064 2507 1158 2572 potero
1165 2506 1196 2551 ut
1205 2498 1315 2569 supplex
1323 2497 1423 2551 miseri·

168 2565 296 2632 Medius,
319 2566 410 2619 eiectis
427 2566 519 2620 multis
536 2567 563 2620 in
581 2567 677 2638 quibus
694 2583 727 2619 ne
744 2583 788 2619 su·
822 2565 938 2620 our-diam
947 2585 1031 2620 meam
1043 2565 1250 2638 implores,eerte
1265 2565 1422 2636 nepertins·

203 2633 548 2705 'doquidemullabaeret
558 2633 632 2688 sicse
642 2634 788 2688 restituisse
821 2635 888 2688 citer
905 2635 982 2688 sileas
991 2635 1129 2706 perficiem.
1146 2633 1251 2688 Medius
1260 2651 1423 2704 magnacum

169 2703 322 2771 gor-istus:
345 2721 403 2757 cum
427 2705 544 2773 undique
561 2705 620 2756 telis
639 2705 787 2756 circumda·
821 2703 949 2774 strepitu,
972 2713 1003 2757 ut
1020 2703 1100 2768 solet,
1118 2711 1146 2755 et
1163 2703 1188 2755 h,
1207 2701 1223 2756 l
1241 2712 1270 2755 et
1287 2717 1333 2769 vr,
1355 2709 1387 2767 t,
1406 2709 1422 2755 5

170 2782 229 2825 etus
249 2773 416 2838 Alexander,
434 2773 506 2824 alius
523 2773 643 2824 virtulem
661 2774 739 2824 etiam
758 2773 786 2824 iu
820 2771 914 2824 relicta
930 2771 1049 2825 oodicunr
1070 2771 1225 2824 auctoritate
1248 2773 1299 2824 inte
1332 2772 1424 2824 alandi

170 2843 246 2894 tasse
264 2843 394 2906 miratus,
412 2857 466 2893 non
502 2851 531 2893 ut
548 2841 669 2907 wluirti,
692 2841 786 2918 inquit,
821 2841 931 2892 verbum
954 2839 1015 2894 huic
1038 2849 1128 2894 nostro
1145 2839 1291 2905 substituit,
1321 2838 1375 2894 alsa
1392 2847 1424 2892 ut

169 2910 313 2973 ιιιοτίιτὺ,
339 2909 427 2960 Baeti.
471 2879 526 2961 bed
549 2925 609 2960 cum
630 2907 658 2960 in
681 2907 786 2979 optimis
821 2907 927 2960 videtur
948 2907 1070 2980 opinione
1098 2909 1131 2960 de
1161 2905 1307 2961 discrimine
1333 2925 1423 2960 corum

170 2977 252 3030 codd
289 2984 320 3028 et
339 2974 398 3028 eliis
419 2975 554 3030 nonnullis
581 2985 613 3029 ut
639 2974 711 3038 Flos.
735 2973 803 3030 CH·
821 2985 958 3046 concepta.
1000 2976 1070 3030 Num
1087 2977 1241 3044 interpolari
1258 2993 1311 3030 non
1327 2974 1424 3029 dicitur

169 3045 256 3098 Bern.
306 3047 318 3108 )
340 3053 401 3113 pest
423 3043 509 3098 telisl
544 3043 609 3123 'teg
628 3060 679 3114 quo
703 3045 786 3122 dacto,
813 3043 871 3123 ἰιὶιί
892 3045 965 3124 quod
987 3043 1015 3097 in
1041 3061 1135 3098 novam
1163 3045 1269 3110 formam
1295 3051 1421 3122 mutstpr,

169 3113 255 3183 bruge
287 3119 408 3182 praestat
436 3111 531 3165 Freins
549 3128 610 3164 emir
646 3119 786 3175 sententis,
821 3111 954 3164 silentium
980 3122 1068 3164 autem
1091 3129 1150 3166 curn
1175 3127 1300 3182 expresso
1323 3121 1423 3182 gemrtu

169 3181 263 3235 losum
289 3179 412 3232 mutilum
438 3179 615 3251 supplendum
641 3196 710 3232 esse:
741 3179 788 3232 sed
821 3179 1023 3250 interrumpitur
1053 3198 1104 3233 non
1133 3179 1184 3232 iam
1214 3178 1346 3232 silentium
1373 3189 1422 3232 est

170 3267 235 3304 cum
255 3247 373 3318 undique
390 3247 451 3301 telis
464 3257 610 3318 peteretur,
633 3251 672 3302 ad
684 3257 787 3316 pastre-
822 3247 875 3300 Sed
893 3259 993 3302 annoto
1011 3258 1099 3301 tamen
1117 3249 1277 3316 inleqrolalro
1295 3247 1351 3300 bl
1370 3247 1422 3317 legi

169 3337 245 3370 ιιιιαιι
270 3318 405 3370 masur
426 3318 543 3383 virrbus,
569 3318 643 3369 oium
668 3318 697 3368 in
717 3325 787 3384 pole·
822 3334 874 3369 non
902 3317 1008 3386 quidem
1026 3316 1053 3370 in
1077 3315 1190 3370 ulloms.
1209 3316 1356 3382 danastrin,
1374 3332 1423 3369 nec

170 3397 270 3439 reaten
288 3387 398 3438 bostium
414 3387 550 3453 ρει-ικιιίι,
569 3403 629 3454 quo
647 3387 787 3437 adducto
822 3384 849 3436 io
866 3383 984 3454 principe
1002 3385 1075 3450 edit,
1093 3385 1137 3437 sed
1157 3383 1183 3437 in
1201 3385 1422 3437 Ald.etluniana.

170 3461 225 3507 eet
265 3451 345 3516 Quod
362 3451 483 3532 sequitur
499 3453 604 3506 virtutis
619 3453 786 3516 -miralor,
821 3452 865 3505 Da
881 3452 967 3523 ellipsi
985 3463 1044 3523 post
1060 3455 1086 3506 si
1104 3455 1258 3504 nitilaliud
1270 3451 1422 3505 rideDrsk.

170 3519 509 3643 ffiiffl
525 3519 787 3642 lltltl‘tst
821 3520 1202 3654 'lllliltt‘tlt‘tl
1212 3523 1424 3642 turtula

171 3667 241 3710 aaa
259 3687 296 3697 -
313 3658 433 3710 inrum
449 3656 536 3726 (rior.
549 3629 653 3722 uuir)
670 3664 717 3708 an
734 3657 788 3708 nr.
822 3656 920 3727 psum
938 3657 1044 3710 uorsus
1061 3673 1091 3710 ιο
1112 3655 1206 3709 uernae
1223 3656 1424 3722 Freinshemius,

171 3737 244 3779 tutes
271 3755 307 3766 -·
332 3727 447 3778 ntmrur
470 3734 503 3778 ut
523 3723 597 3778 Flos.
620 3724 646 3778 G
671 3733 701 3777 et
722 3725 787 3776 edit.
822 3725 953 3778 codicibus
983 3743 1042 3778 mss.
1074 3733 1202 3794 quantum
1228 3724 1345 3790 intelligo
1371 3742 1425 3778 nou

206 3793 213 3806 '
314 3800 344 3844 et
352 3791 460 3858 Aldina,
477 3792 574 3846 deiude
590 3802 682 3846 sutem
697 3807 788 3845 omnes
821 3793 1047 3846 consentientibus
1085 3793 1159 3863 (quid
1192 3792 1261 3846 enim
1292 3810 1357 3862 opus
1382 3801 1424 3844 est

170 3807 301 3916 m
325 3862 410 3930 inqui!
427 3863 596 3928 Alexander,
619 3881 671 3913 non
693 3871 721 3913 ut
747 3879 788 3912 uo·
823 3863 894 3942 quod
912 3861 1045 3914 snakenb.
1063 3861 1096 3914 de
1113 3861 1206 3926 tribus,
1225 3878 1275 3941 ego
1292 3861 1325 3913 de
1343 3861 1425 3913 unde·

172 3931 255 3984 luisti
276 3926 317 3996 (G
342 3935 433 3982 susem
458 3930 532 3982 lune
553 3931 710 3983 Alexander
736 3947 788 3981 nou
822 3947 873 3983 erm
895 3937 1025 3982 testamur
1046 3928 1125 3999 Cusp.
1148 3929 1250 3982 Bartbir
1269 3945 1424 3982 commemo-

172 4009 203 4052 ae
222 3999 332 4051 solarisli
349 3999 455 4066 inquit).
473 3995 586 4050 Iuniana
602 3997 717 4068 primurn
734 4011 788 4049 me·
823 3999 896 4051 tione
912 3999 1047 4051 cuirrsdam
1060 3999 1170 4051 schedae
1184 3996 1345 4051 coloniensis
1362 4014 1425 4050 con·

172 4065 250 4121 lieris
267 4064 415 4136 scripturae
431 4065 648 4136 vestigiahabet:
671 4067 789 4118 virtulem
825 4065 969 4132 velleret),
992 4067 1037 4118 sed
1061 4077 1147 4118 tamen
1170 4081 1203 4118 ex
1226 4083 1274 4118 usu
1300 4065 1425 4118 samsonis

172 4137 345 4198 -rrriralus,
362 4134 436 4187 Tune
450 4135 662 4203 iuquit,Nonul
677 4135 789 4186 uoluisti.
825 4133 922 4188 Latini.
962 4135 1055 4204 Neque
1082 4135 1151 4187 enim
1182 4133 1232 4186 dici
1259 4151 1333 4204 posse
1358 4143 1425 4202 puto

209 4203 409 4256 menresa
445 4205 557 4282 pr'cquid
577 4205 606 4254 in
624 4213 693 4271 capt.
720 4203 790 4254 inne·
826 4205 894 4255 irum
908 4203 924 4254 i.
934 4219 1038 4254 esuum
1056 4205 1084 4254 iu
1102 4204 1200 4281 rpbr'eur
1219 4205 1292 4254 vertit
1301 4201 1424 4282 qupnism

174 4270 599 4418 usurparise
614 4270 792 4418 {tutte
825 4269 1425 4418 taesturtius-lutulena:

177 4418 426 4461 tormentorum.
453 4405 553 4460 Nossa
570 4407 791 4461 omrtlendurstrs
826 4415 892 4461 stat:
911 4406 1066 4461 srcCurtrus
1080 4415 1156 4474 vrr,l
1173 4409 1424 4460 inurdiarnmrsen·

1172 4497 1207 4544 ⁷0
