3300 5044
226 336 303 418 '466
691 361 725 425 Q.
762 360 886 412 cunrn
915 360 1001 413 surr

226 540 367 641 gladio,
410 539 539 638 pedem
572 567 681 642 super
713 544 887 618 cervicem
919 541 1047 616 iacenti
1081 542 1269 641 imposuit,
1306 549 1473 644 stipitem

225 653 419 742 intentans,
445 653 665 752 elisurusque
691 681 735 730 eo
761 655 904 746 victum,
930 653 968 726 ni
994 653 1195 750 prohibitus
1222 667 1320 727 esset
1333 681 1471 754 arege.

226 759 354 836 Tristis
375 765 568 860 spectaculi
590 778 738 842 eventus
753 792 825 840 non
842 764 1097 841 Macedonibus
1122 762 1248 854 modo,
1274 765 1472 837 sedetiam
1492 785 1527 832 as

225 872 436 948 Alexandro
462 874 539 964 fuit,
566 878 719 949 maxime
746 878 829 972 quia
854 877 997 950 barbari
1023 877 1219 952 affuerant:
1251 875 1382 974 quippe
1411 899 1469 946 ce·

224 985 400 1060 lebratam
433 981 670 1057 Macedonum
708 985 952 1058 fortitudinem
985 985 1032 1058 ad
1067 986 1261 1060 ludibrium
1295 984 1469 1060 recidisse

224 1095 427 1170 verebatur.
491 1091 585 1165 Hinc
623 1094 670 1166 ad
708 1096 988 1169 criminationem
1027 1096 1231 1169 invidorum
1269 1097 1471 1194 adapertae
1491 1115 1527 1161 ²4

226 1213 313 1280 sunt
338 1227 443 1276 aures
469 1203 574 1300 regis.
614 1202 662 1277 Et
687 1213 769 1303 post
792 1229 926 1302 paucos
954 1203 1030 1280 dies
1056 1205 1149 1279 inter
1168 1206 1294 1306 epulas
1314 1229 1470 1277 aureum

207 1288 395 1414 'poculum
420 1338 468 1388 ex
492 1314 689 1412 composito
716 1313 941 1407 subducitur,
976 1315 1215 1414 ministrique,
1250 1315 1352 1412 quasi
1377 1315 1469 1386 anri-

226 1427 367 1516 sissent,
401 1423 499 1522 quod
524 1437 742 1516 amoverant,
777 1450 897 1524 regem
923 1425 1067 1500 adsunt,
1121 1424 1237 1526 Saepe
1262 1426 1380 1498 minus
1407 1437 1470 1499 est
1489 1444 1525 1491 ss

225 1535 447 1610 constantiae
469 1535 506 1608 in
526 1535 668 1625 rubore,
693 1559 799 1631 quam
820 1537 857 1609 in
880 1537 994 1636 culpa
1034 1535 1244 1612 Coniectum
1266 1537 1469 1624 oculorum,

223 1647 352 1746 quibus
378 1657 421 1721 ut
445 1647 503 1720 fur
528 1645 784 1735 destinabatur,
809 1645 1010 1746 Dioxippus
1035 1647 1130 1721 ferre
1153 1673 1229 1720 non
1248 1646 1393 1746 potuit:
1426 1657 1470 1720 et
1514 1743 1519 1750 Ι

226 1782 309 1832 cum
347 1757 562 1832 excessisset
601 1755 783 1846 convivio,
821 1756 949 1830 litteris
991 1757 1220 1856 conscriptis,
1260 1781 1352 1853 quae
1385 1757 1469 1854 regi

223 1865 470 1958 redderentur,
495 1869 591 1941 ferro
617 1891 657 1940 se
681 1865 868 1942 interemit.
914 1862 1081 1942 Graviter
1106 1877 1260 1940 mortem
1281 1865 1357 1940 eius
1378 1865 1471 1939 tulit
1490 1885 1527 1933 st

223 2001 301 2069 rex,
327 1976 536 2052 existimus
562 1977 813 2074 indignationis
839 2001 928 2068 esse,
954 2001 1028 2050 non
1052 1977 1295 2075 poenitentiae
1320 1985 1470 2068 testem,

223 2088 565 2186 utiquepostquam
589 2088 679 2162 falso
705 2087 945 2163 insimulatum
966 2111 1059 2179 eum,
1084 2085 1233 2162 nimium
1258 2085 1472 2161 invidorum

225 2197 398 2299 gaudium
424 2197 593 2274 ostendit
1402 2209 1433 2226 ”

175 2311 225 2384 30
327 2307 500 2386 Indorum
524 2309 633 2411 legati
651 2308 784 2386 dimissi
816 2309 952 2402 domos,
978 2309 1100 2410 paucis
1121 2319 1207 2408 post
1229 2305 1356 2382 diebus
1380 2327 1547 2382 cumvnr

146 2479 149 2487 λ
227 2418 331 2494 donis
356 2429 599 2494 revertuntur.
650 2419 814 2494 Trecenti
847 2431 950 2496 erant
980 2419 1136 2518 equites,
1185 2442 1311 2492 ccxxx
1336 2443 1470 2494 currus

226 2556 317 2630 quos
348 2529 548 2630 quadriiugi
587 2531 668 2627 equi
694 2530 889 2622 ducebant,
927 2531 1042 2605 lineae
1079 2530 1191 2606 vestis
1231 2529 1469 2626 aliquantum,

224 2643 321 2716 mille
346 2651 450 2716 scuta
473 2639 613 2732 Indica,
639 2651 677 2713 et
700 2640 784 2714 ferri
809 2640 951 2715 candidi
977 2641 1113 2714 talenta
1138 2649 1301 2732 centum,
1326 2642 1506 2714 leones-s

225 2778 296 2850 que
320 2777 423 2826 rarae
448 2751 702 2850 magnitudinis
729 2763 765 2826 et
778 2753 911 2852 tigres,
937 2763 1128 2850 utrumque
1145 2753 1277 2826 animal
1302 2747 1349 2822 ad
1366 2775 1470 2824 man·

226 2862 453 2938 suetudinem
479 2861 671 2953 domitum,
704 2863 915 2938 lacertarum
941 2886 1083 2962 quoque
1116 2861 1317 2961 ingentium
1341 2861 1469 2960 pelles,

261 3094 284 3156 ς.
302 3093 344 3143 2².
385 3089 483 3154 iacmti
508 3089 642 3212 imposuiss
678 3087 723 3144 Sic
747 3086 821 3144 editt.
859 3093 986 3170 atyn,
1008 3095 1042 3143 88
1094 3085 1148 3168 in
1170 3086 1292 3158 Appx,
1310 3091 1359 3154 28,
1386 3091 1468 3140 ltet

227 3165 292 3210 vett
316 3163 345 3210 et
365 3157 443 3211 codd
466 3173 563 3211 omnes.
603 3159 615 3226 (
644 3175 692 3210 nus
713 3155 823 3211 abac
859 3155 975 3211 Indicam
992 3173 1048 3210 av.
1089 3155 1173 3210 odius.

226 3227 373 3293 ιάαιιιοιιι)
408 3223 497 3295 Vulgo
515 3241 585 3278 nunc
601 3226 689 3279 editur
706 3227 824 3293 iacentis,
893 3225 1013 3296 Capto,
1030 3229 1056 3293 s.
1074 3232 1099 3278 1.
1120 3225 1242 3278 stema
1258 3232 1335 3278 mat
1352 3223 1466 3295 quies]

227 3293 275 3346 ssd
292 3292 373 3346 etism
390 3293 456 3346 illud
473 3292 599 3364 explicari
616 3301 714 3364 potest.
858 3291 932 3348 aditi
945 3295 1018 3364 equi,
1036 3294 1216 3364 msseqaites:
1233 3308 1284 3364 ego
1298 3291 1347 3344 hos
1358 3307 1466 3362 sequor.

262 3363 286 3429 ἕ.
303 3367 346 3417 28.
384 3363 512 3415 recidisse
537 3361 680 3431 ver-etam]
719 3359 825 3415 Modius
859 3361 931 3415 Tum
947 3363 1055 3431 quodni
1091 3363 1102 3414 i
1126 3362 1186 3432 equi
1203 3358 1288 3414 nostri
1311 3375 1416 3427 omnes,
1442 3361 1467 3414 si

226 3566 279 3619 hoc
295 3582 355 3619 eum
373 3565 486 3620 movisse
499 3565 571 3636 quod
583 3565 826 3620 scemativumcum
858 3566 992 3620 bantium:
1015 3567 1061 3619 sed
1082 3565 1110 3620 in
1127 3563 1200 3620 Flor.
1218 3564 1321 3619 Heirisii
1345 3569 1374 3616 et
1389 3564 1466 3621 leid.

225 3631 357 3688 infinitivo
368 3634 555 3704 fortitudinem
565 3636 688 3688 recidisse
698 3634 765 3688 male
778 3652 826 3705 po-
861 3633 1054 3705 Snalranburgii
1073 3635 1197 3706 quadriiu
1216 3635 1227 3686 i
1243 3633 1345 3698 solum,
1368 3634 1468 3687 omissa

226 3700 307 3755 situm
351 3709 441 3756 utsrat
466 3720 514 3773 pro
536 3719 569 3756 eo
591 3703 663 3772 quod
686 3709 766 3756 esset:
793 3719 827 3756 ne
861 3719 924 3758 voca
955 3705 1026 3773 equi,
1062 3701 1115 3774 legi
1208 3701 1269 3755 'tun
1336 3697 1468 3756 Ceterum

228 3768 325 3849 sortitu
344 3787 361 3823 o
378 3769 524 3851 residisset.
558 3769 677 3824 Noverat
690 3769 758 3850 enim
771 3769 828 3850 sinq
861 3769 988 3850 Arrianus
1002 3785 1047 3850 ys,
1066 3777 1098 3824 lt
1115 3770 1186 3851 lqsud
1204 3770 1282 3841 psulo
1299 3765 1470 3826 verisimilius

225 3837 395 3918 dubus-baud
410 3847 451 3918 its
466 3856 527 3918 ram
544 3847 607 3918 post
623 3838 704 3918 qerba
719 3839 829 3918 timendi
862 3838 934 3918 milla
950 3847 1066 3910 equites,
1080 3846 1247 3918 ¹quingentos
1260 3837 1349 3918 ‚fuisae
1373 3857 1468 3892 currus

225 3905 384 3960 rnfimtrvum
408 3915 490 3960 atram
516 3907 566 3961 illis
589 3907 652 3960 locis
674 3924 749 3977 pom,
777 3905 825 3960 ubi
859 3908 953 3975 tradit,
979 3921 1011 3959 sc
1037 3907 1114 3962 saorla
1140 3921 1281 3961 murecens
1306 3923 1356 3978 pro
1378 3923 1413 3966 α)
1435 3907 1467 3962 ἰιι

226 3981 274 4027 sut
289 3984 318 4027 ιιι
336 3981 383 4028 aut
400 3991 432 4028 ne
449 3991 484 4028 ex
501 3974 654 4046 vulgaribus
675 3975 825 4045 grammati-
859 3983 935 4028 textu
953 3973 1082 4029 Cur-tirno
1100 3975 1281 4046 reponendum
1298 3991 1355 4029 essa
1371 3977 1406 4030 D.

226 4059 320 4121 ΨΜ
336 4041 825 4165 lfflplltllindllsiilltilll
878 4043 993 4166 „die
1006 4043 1468 4167 tttt‘tulffltttltt

226 4125 386 4301 {insiliunt
405 4185 466 4259 ⁵³4:
503 4130 557 4233 Selii
583 4179 710 4233 concessit
733 4179 825 4251 inepto
859 4129 991 4234 insti-stes
1008 4180 1193 4233 dicuntStatl.
1218 4177 1321 4233 Plinius
1333 4189 1385 4236 nst
1421 4181 1466 4236 ist

247 4245 412 4316 rsobylogrss
426 4248 559 4302 cuiusdam
569 4248 665 4314 studio,
684 4265 736 4327 quo
746 4265 826 4318 ssepe
859 4262 966 4316 xxxiv,
992 4254 1023 4300 41
1043 4265 1077 4301 ex
1100 4247 1220 4302 omnibus
1244 4248 1383 4318 generibus

227 4331 288 4368 sum
309 4315 427 4369 videmus
449 4315 513 4369 talis
534 4316 628 4382 verbs,
654 4316 741 4386 quaba
765 4325 827 4370 sunt
859 4333 929 4370 mam
947 4250 1467 4383 murenaeriooano,seeunii1li

228 4383 357 4450 credebat,
374 4385 542 4446 confitebant
559 4384 667 4450 tollere,
688 4383 732 4436 ubi
749 4393 826 4455 puta·
860 4384 992 4438 Parthico.
1010 4383 1047 4438 Et
1055 4402 1160 4439 causam
1169 4384 1252 4452 addit,
1261 4385 1333 4456 quod
1341 4403 1396 4440 non
1411 4386 1467 4440 slis

229 4457 271 4504 rat
286 4445 551 4521 posse'subintelligi.
584 4451 653 4504 Vide
671 4451 704 4503 sd
722 4459 826 4520 unat,
861 4467 959 4524 genera
975 4451 1045 4506 leri-i
1060 4469 1094 4506 ex
1111 4469 1184 4508 mera
1201 4452 1257 4507 scie
1274 4461 1467 4528 temperentur.
