3324 5054
496 251 498 256 ,
576 303 628 358 ns
654 305 782 362 ossrrs
808 307 919 360 anax.
943 307 996 372 rr.
1023 305 1067 358 rr.
1365 285 1436 358 151

113 505 147 554 tr
167 495 372 585 poterant
433 485 598 564 Paucae·
618 493 740 562 t'amen
780 511 929 562 evasere
972 484 1167 584 quadrigae
1206 488 1244 566 in
1279 489 1443 564 ultimam

168 597 315 688 aciem,
341 597 397 690 iis,
422 601 553 697 quibus
578 597 798 686 inciderunt,
838 597 1031 674 miserabili
1057 609 1174 674 morte
1200 602 1440 699 consumptis:

172 709 325 808 quippe
357 719 548 808 amputata
576 707 736 781 virorum
766 711 929 784 membra
960 710 1061 784 humi
1086 710 1265 801 iacebant,
1294 717 1332 782 et
1356 712 1442 806 quia

175 820 316 894 calidis
343 821 463 893 adhuc
488 819 697 892 vulneribus
724 823 851 896 aberat
876 819 990 908 dolor,
1003 820 1121 892 trunci
1148 831 1289 915 quoque
1317 829 1356 894 et
1380 817 1441 892 de·

175 932 282 1006 biles
315 953 418 1004 arma
455 934 530 1002 non
562 931 792 1020 omittebant,
825 929 941 1004 donec
972 930 1086 1002 multo
1112 930 1287 1028 sariguine
1314 931 1440 1021 effirso,

127 1089 130 1092 -
178 1039 392 1116 exanimati
417 1039 704 1136 procumberent

123 1170 160 1218 rs
295 1147 446 1222 Interim
470 1151 618 1242 Aretes,
650 1147 883 1250 Scytharum,
915 1151 978 1247 qui
1012 1147 1269 1247 impedimenta
1300 1149 1441 1249 diripie-

179 1261 297 1352 bant,
333 1260 425 1334 duoe
456 1263 590 1350 occiso,
620 1263 767 1358 gravius
801 1261 935 1358 territis
967 1261 1136 1334 instabat.
1189 1257 1440 1359 Supervenere

129 1419 133 1423 -
184 1370 328 1446 deinde
361 1398 385 1446 a
420 1371 541 1445 Dareo
580 1370 775 1463 Bactriani,
811 1395 1027 1470 pugnaeque
1066 1381 1214 1446 vertere·
1244 1373 1440 1446 fortunam.

183 1482 299 1556 Multi
331 1507 419 1579 ergo
452 1480 691 1557 Macedonum
716 1483 832 1582 primo
859 1483 1005 1581 impetu·
1026 1483 1153 1556 obtriti
1178 1493 1279 1574 sunt,
1318 1484 1441 1580 plures

131 1615 166 1662 ra
186 1594 238 1668 nd
267 1591 520 1666 Alexandrum
543 1594 762 1692 refirgemnt
815 1593 909 1667 Tum
934 1591 1077 1684 Persae,
1104 1594 1260 1668 clamore
1286 1595 1441 1684 sublato,¹

134 1741 141 1759 ι
186 1705 339 1802 qualem
370 1705 526 1778 victores
558 1705 677 1779 solent
713 1703 835 1795 edere,
874 1704 1043 1778 ferociter
1073 1705 1110 1778 in
1142 1705 1301 1795 hostem,
1339 1704 1442 1802 quasi

185 1815 328 1912 ubique
358 1815 602 1913 profligatum,
634 1817 871 1890 incurrerunt
922 1814 1132 1890 Alexander
1166 1815 1318 1918 territos
1337 1815 1441 1890 cesti·

187 1951 300 2026 gare,
327 1925 531 2016 adhortari,
557 1927 748 2023 proelium,
775 1925 874 2024 quod
899 1927 972 2000 iarn
998 1927 1234 2025 elanguerat,
1260 1927 1358 2001 solus
1384 1951 1442 2000 ao·
1546 1957 1548 1964 s

139 2085 142 2091 ,
190 2034 359 2126 candere,
381 2037 670 2134 continuatisque
695 2036 844 2111 tandem
868 2037 1006 2128 animis,
1019 2036 1072 2110 ire
1097 2036 1135 2108 in
1158 2035 1305 2110 hostem
1331 2037 1441 2110 iubet.
1481 2050 1485 2060 ‘

132 2165 172 2215 ao
279 2145 427 2232 ,Rarior
452 2149 547 2222 acies
572 2153 652 2222 erat
684 2149 722 2222 in
748 2148 879 2222 dextro
905 2173 1020 2222 cornu
1044 2147 1253 2239 Persarum,
1268 2148 1491 2244 suamque58

85 2253 90 2259 ’
187 2253 278 2330 inde
318 2255 500 2332 Baebiani
538 2257 778 2333 discesserant
809 2257 865 2341 ,ad
902 2259 1139 2356 opprimenda
1175 2258 1441 2362 impedimenta

188 2367 328 2465 Itaque-
345 2368 555 2443 Alexander
588 2370 732 2444 laxatos
766 2367 911 2442 ordines
937 2367 1091 2460 invadit,
1122 2379 1165 2450 ,et
1189 2369 1306 2442 multa
1331 2366 1441 2442 caede

134 2498 167 2546 21
188 2479 353 2578 hostium
382 2479 573 2560 invehitur.
631 2479 684 2554 At
715 2482 775 2578 qui
810 2480 847 2552 in
880 2479 986 2552 laevo
1018 2505 1130 2552 cornu
1163 2489 1265 2552 erant
1297 2477 1440 2567 Persae,

189 2615 259 2688 spe
294 2614 402 2689 posse
434 2617 518 2664 eum
550 2591 700 2682 includi,
741 2615 870 2688 agmen
905 2615 1012 2665 suum
1044 2616 1067 2664 a
1100 2601 1203 2688 tergo
1238 2588 1440 2662 dimicantis

189 2711 399 2799 opponunt:
433 2702 630 2800 ingensque
668 2701 879 2800 perieulum
900 2700 936 2774 in
971 2699 1090 2773 medio
1117 2701 1268 2774 haerens
1295 2699 1440 2790 adisset,

188 2813 230 2884 ni
256 2812 395 2908 equites
419 2812 569 2912 Agriani
595 2810 791 2886 calcaribus
823 2811 976 2885 subditis
1003 2811 1234 2885 circumfusos
1260 2810 1336 2908 regi
1362 2809 1442 2882 bar·

189 2924 304 2998 baros
338 2923 455 2998 adorti
497 2935 632 3014 essent,
676 2947 893 3020 aversosque
935 2921 1119 2995 caedendo
1158 2922 1196 2994 in
1226 2946 1266 2995 se
1297 2920 1441 2993 obverti

194 3135 198 3140 Ι
228 3169 252 3233 ς.
271 3173 313 3218 17.
348 3168 384 3220 iis
407 3168 513 3236 qrdbur]
547 3169 658 3220 Annoto
684 3167 709 3220 h.
728 3165 745 3218 l.
763 3167 799 3219 iia
834 3164 892 3220 loco
917 3181 998 3236 qaam
1019 3181 1073 3235 quo
1095 3164 1177 3234 vulgo
1202 3164 1286 3244 edunt
1310 3181 1328 3219 α
1352 3165 1440 3218 Dorio

189 3233 246 3304 legi
264 3233 292 3286 in
308 3234 390 3287 Bern.
407 3238 433 3288 A
450 3235 474 3288 F
475 3234 522 3289 lor.
540 3238 579 3303 A,
602 3237 655 3289 hiis
678 3234 706 3288 in
727 3233 798 3288 Flor.
832 3235 917 3288 mirri.
951 3233 1042 3288 Etiam
1059 3233 1165 3288 Modica
1182 3239 1279 3286 omisit.

190 3301 334 3424 B'ffl
348 3302 499 3425 ΞΜἯΜ
521 3319 682 3442 ofin-nebant]
717 3372 790 3426 Bm
853 3338 891 3416 ᾖ.
912 3341 953 3389 19.
989 3337 1162 3416 ἰηοιιννετιιηὶΙ
1182 3349 1273 3388 omncs
1290 3333 1351 3388 libri
1368 3333 1440 3402 mstt,

190 3439 244 3494 s
269 3439 340 3493 a·
359 3439 411 3494 cn
571 3441 668 3520 aaa
695 3411 798 3519 aaa
833 3402 1444 3540 struatur-,tunctune

189 3526 272 3562 srmo
290 3516 355 3572 oet,
374 3525 423 3562 nec
438 3510 473 3562 ab
491 3525 523 3560 es
545 3517 677 3630 scriptura
694 3507 799 3562 differre

231 3583 261 3630 20
279 3577 350 3646 quod
365 3585 534 3630 arrnotatura
552 3577 587 3629 ud
617 3575 799 3630 nahinLeid.
833 3541 866 3594 οἱ)
898 3558 1002 3594 “um
1034 3539 1158 3593 Videntur
1187 3538 1334 3618 Affll'fllffli
1369 3541 1441 3609 qUOd

221 3663 274 3698 m·
291 3652 306 3698 2
325 3645 382 3699 aliis
399 3645 452 3716 legi
474 3647 570 3698 deff„
592 3663 669 3698 ama
705 3647 798 3698 nidum.
832 3610 1007 3731 piqapstentum
1025 3627 1077 3662 non
1095 3624 1234 3662 convenire
1247 3625 1441 3678 cumps-cesen-

190 3713 267 3767 Ποῖ.
286 3711 324 3766 ΟΙ
341 3715 437 3768 debiles
454 3725 541 3767 tomen
557 3731 643 3778 craso,
663 3663 799 3792 quebr'les
842 3745 908 3800 Μ·

191 3800 272 3836 anau
289 3791 375 3834 tasum
392 3801 453 3835 cum
469 3781 533 3836 edit
550 3781 684 3834 Modiaoa
701 3781 799 3836 Neaero
833 3765 859 3798 m
902 3764 922 3798 ¹⁵

190 3867 228 3902 an
242 3849 304 3903 olim
322 3850 402 3904 tuerit
418 3853 536 3920 quidam,
547 3851 618 3920 qnod
635 3868 695 3904 oum
712 3858 800 3902 trans·
869 3848 934 3918 Cap.
944 3854 987 3915 58,
1007 3851 1030 3915 5.
1040 3854 1081 3900 20.
1104 3848 1245 3900 Bactriani
1263 3848 1441 3900 discesserunt

192 3920 259 3972 isset
280 3917 307 3970 in
333 3921 437 3988 quidem
461 3918 547 3972 locum
568 3918 625 3970 aliis
643 3917 799 3971 coniecturis
833 3927 905 3970 recte
922 3933 1013 3970 omncs
1030 3915 1092 3970 libri
1109 3915 1180 3982 msti,
1189 3913 1255 3976 editi
1264 3917 1439 3969 decesserant.

191 3987 278 4040 dedit.
312 3986 366 4040 Sed
383 3986 448 4040 mihi
465 3987 640 4056 antiquissimi
657 3987 710 4040 duo
727 3986 799 4040 Flor.
833 3988 873 4039 At
889 4003 911 4040 c.
929 3992 978 4047 45,
1003 3983 1185 4043 GBractiiani
1207 3982 1235 4036 in
1252 3981 1327 4036 laevo
1345 3983 1440 4038 Persa-

190 4055 259 4110 satia
277 4057 433 4124 probentur.
667 4079 672 4090 ·
801 4107 803 4110 ,
832 4071 892 4107 rum
909 4071 991 4108 cornu
1010 4055 1131 4117 suerunt,
1158 4052 1269 4122 ipseque
1287 4051 1441 4105 Alexander

203 4173 205 4177 .
228 4127 254 4192 ξ.
273 4129 314 4178 18.
332 4143 349 4177 a
360 4126 449 4178 Dareo
463 4123 713 4194 subintelligendum
723 4124 800 4183 arisai
832 4122 861 4176 in
878 4123 974 4176 dextro
991 4139 1039 4174 suo
1056 4127 1312 4189 eratcumagemste
1320 4120 1441 4198 equiturn

191 4209 245 4246 nec
262 4201 351 4245 tamen
368 4193 537 4258 addendum,
564 4201 594 4246 ut
612 4193 692 4262 vulgo
709 4192 753 4257 fit,
774 4190 797 4244 ai
833 4206 890 4260 cap.
909 4197 942 4242 50
960 4199 989 4241 ot
1007 4195 1050 4252 51,
1068 4195 1109 4243 35.
1137 4188 1232 4258 ltaque
1244 4187 1385 4240 verisimile
1398 4199 1443 4248 ost,

192 4261 327 4316 codicibus
336 4263 400 4316 tides
409 4262 538 4324 habenda,
574 4279 666 4316 uorum
684 4260 711 4312 in
728 4259 799 4329 opti·
832 4259 859 4312 h.
876 4258 900 4311 Ἰ.
927 4260 956 4310 ia
979 4261 1051 4310 laevo
1078 4276 1171 4320 cornu,
1199 4266 1228 4308 et
1248 4256 1332 4325 inseq.
1360 4260 1384 4323 ξ.
1411 4267 1439 4309 ot

191 4280 575 4400 misFlor.tquide1nAbDGl
595 4331 709 4383 BcrnA
724 4328 798 4382 haid.
832 4329 878 4395 qui
895 4329 924 4406 in
941 4329 1033 4404 desero
1057 4343 1138 4378 cornu
1159 4335 1248 4388 erant,
1274 4325 1444 4395 transpositis

192 4399 273 4452 Voss.
296 4406 308 4451 1
333 4417 387 4454 non
410 4399 570 4471 legitur„in
595 4399 666 4453 Flor.
696 4398 718 4452 G
746 4396 798 4452 alic
831 4395 1114 4474 verbis„scr1beuduur
1131 4409 1196 4446 esse.
1233 4449 1252 4472 Ι,
1301 4463 1303 4469 Α

924 3693 992 3798 quae
1011 3685 1156 3798 sequiqqtur
1183 3683 1311 3798 eqtardqpu
1326 3677 1377 3730 sed
1391 3676 1441 3732 boo

950 3763 1004 3799 ocis
1021 3763 1069 3798 sim
1118 3763 1147 3798 us
1208 3761 1242 3798 en
1283 3763 1322 3798 ur.
