3388 5032
753 316 949 380 ssrnnmx.
1142 303 1146 309 “
1391 293 1463 362 573

316 499 341 572 s.
361 499 390 554 8.
436 501 582 576 elamore]
608 499 710 559 Omitt.
735 510 760 557 et
785 500 863 557 Flor.
882 499 964 556 DFI.
1008 499 1154 556 honorans
1176 515 1256 554 orare
1272 498 1400 570 primrnn]
1420 497 1465 552 ln-

231 585 349 640 crirnons
368 587 453 657 coepit
472 604 553 643 orare
570 590 689 660 primurn
706 584 784 642 Flor.
802 561 938 640 DEFitl
962 584 1048 640 Bern.
1066 583 1110 654 Β,
1133 584 1200 640 lacr.
1217 598 1331 638 enorare
1347 583 1465 654 prirnrnn

232 668 311 724 Flor.
330 665 376 738 G,
393 673 479 744 coepit
497 671 527 728 in
545 671 633 728 Voss.
653 673 671 727 2
692 670 739 745 (ot
755 669 819 725 Pal.
838 669 866 725 2.
885 670 919 743 3)
943 677 1009 743 post
1024 671 1142 742 primurn
1159 667 1280 738 additur,
1297 666 1419 740 itemquo
1438 665 1466 721 in

231 751 304 808 Mor.
324 752 394 810 ΑΒ.
412 753 478 812 Iun.
498 759 531 830 (s
547 755 647 813 Modio
665 755 835 828 subletum).
874 752 1076 827 benivolenciae]
1095 752 1214 810 Annoto
1231 753 1271 809 sic
1288 752 1317 808 in
1335 751 1466 808 omnibns

232 837 312 894 libris
330 840 436 898 nostris
454 859 519 898 esse
536 848 647 914 praeter
665 840 743 897 Flor.
763 836 786 897 C
805 839 834 897 in
853 858 909 914 quo
927 839 1127 897 benevolentiae.

318 924 342 997 S.
365 927 412 982 10.
458 927 582 982 conseri
598 927 698 1001 scelus]
718 925 862 983 aduersari
884 921 1340 982 Flor.FG111Bem.Bv0ss.
1360 921 1376 978 2
1397 921 1465 980 All.

234 1009 305 1082 (non
322 1009 388 1066 Iun.
407 1017 458 1068 aut
475 1006 570 1084 Mod)

317 1096 342 1169 ς.
364 1095 412 1151 12.
456 1095 535 1151 ruodo
552 1095 637 1170 illins]
667 1096 759 1153 omitt.
785 1095 864 1154 Flor.
881 1094 924 1168 E,
952 1095 1031 1152 modo
1049 1093 1089 1151 tui
1113 1092 1190 1151 Flor.
1208 1092 1313 1150 DFHI
1337 1091 1422 1148 Born.
1441 1091 1467 1146 B

232 1179 321 1238 Voss.
340 1180 369 1235 2.

318 1264 343 1336 s.
365 1261 413 1321 15.
456 1263 607 1338 Peucolao]
627 1265 766 1323 Peucolao
783 1263 863 1323 Leid.
881 1263 970 1322 Voss.
991 1265 1005 1320 1
1031 1263 1116 1321 Bern.
1133 1263 1165 1321 A
1182 1263 1260 1320 Flor.
1278 1261 1319 1335 A,
1338 1262 1468 1336 pennelao

233 1347 311 1406 Flor.
330 1347 367 1420 Β,
384 1349 451 1407 indo
468 1358 633 1426 corruptum
651 1352 782 1424 penaculo
800 1351 878 1409 Flor.
895 1347 1055 1408 CDEFIII
1072 1349 1157 1406 Bsm.
1172 1349 1198 1405 B
1215 1348 1279 1405 Pul.
1300 1348 1326 1404 1.
1343 1347 1360 1402 2
1379 1345 1469 1403 Voss.

232 1435 263 1506 2,
280 1435 389 1508 petralem
407 1433 487 1492 Flor.
506 1432 537 1493 G
555 1434 619 1492 Pol.
639 1436 676 1506 3,
694 1435 769 1492 undo
785 1436 906 1494 Penelao
923 1435 986 1491 odd.
1005 1443 1074 1492 vett
1091 1433 1235 1509 usquead
1252 1432 1396 1502 Modiam,
1420 1431 1471 1506 qui

234 1519 343 1596 primus
367 1520 504 1576 Petccolao
522 1519 608 1577 dedis
653 1520 761 1595 adiicit]
786 1523 870 1578 adicit
892 1538 991 1579 ornnes
1015 1519 1105 1577 nostri
1129 1528 1239 1594 praeter
1262 1518 1341 1576 Flor.
1364 1515 1396 1574 H
1420 1515 1470 1590 qui

234 1606 337 1661 adiicit.
378 1603 576 1678 Aploebetnrn]
596 1605 752 1679 apoebetnm
769 1605 851 1662 Leid.
875 1604 964 1664 Voss.
985 1606 1000 1661 l
1029 1614 1058 1662 et
1074 1603 1163 1662 nostri
1185 1622 1297 1677 omncs,
1322 1601 1377 1660 uisi
1394 1602 1471 1676 quod

234 1687 418 1762 Aploebetum
436 1689 484 1762 (ut
501 1689 583 1758 editi)
610 1689 635 1746 F
637 1690 689 1747 lor.
708 1688 754 1762 G,
779 1689 937 1765 apocletnm
958 1690 1037 1748 Flor.
1054 1690 1091 1747 E.
1135 1688 1253 1764 lorcam]
1273 1692 1372 1747 iocennr
1388 1687 1469 1744 Laid.

233 1773 323 1831 Voss.
345 1774 373 1830 1.
392 1774 410 1831 2
434 1783 464 1830 et
479 1793 579 1832 omnes
596 1775 702 1849 nostri,
720 1775 776 1832 nisi
797 1776 874 1850 quod
891 1779 988 1834 iocum
1006 1777 1084 1834 Flor.
1103 1775 1162 1832 ΕΗ
1179 1775 1263 1831 Bern.
1282 1774 1326 1846 B,
1351 1773 1470 1829 Lacernn

234 1858 312 1917 Flor.
331 1856 362 1916 G
379 1858 446 1917 Pal.
468 1860 484 1915 l
504 1858 594 1918 Voss.
613 1859 631 1916 2
651 1869 681 1917 st
697 1861 759 1918 odd.
778 1859 1156 1936 pr.A1d.1un.M0‹t.nl.
1181 1858 1349 1933 Diorennrn]
1379 1857 1469 1914 omitt.

234 1944 313 2003 Flor.
331 1943 368 2016 B,
390 1945 548 2002 idicrensnn
565 1943 646 2003 laid.
665 1945 751 2003 Bora.
769 1943 827 2006 Ac
843 1945 909 2005 Pel.
930 1947 959 2020 1,
975 1945 1149 2005 Adiosenum
1166 1944 1253 2001 Voss.
1274 1946 1307 2016 1,
1331 1945 1471 2000 diosennnr

235 2029 314 2088 Flor.
332 2026 363 2086 G
380 2027 448 2086 edit.
465 2047 527 2105 pr.¹
544 2031 693 2088 &osonum
710 2031 837 2104 Aldina,
860 2031 989 2103 Iuntina,
1005 2032 1147 2106 diopenunr
1164 2029 1242 2086 Mod.
1285 2027 1467 2101 Arclrepolim]

235 2114 381 2188 arcepolr'm
405 2113 506 2190 Voss.¹
524 2116 551 2172 1.
574 2116 594 2172 2
618 2115 705 2174 Bora.
727 2112 761 2176 A
790 2116 868 2175 Flor.
890 2114 1023 2192 Accu,
1051 2116 1197 2190 arcopolim
1218 2114 1320 2190 reliqui
1340 2113 1417 2170 Flor.
1442 2121 1472 2168 et

236 2200 323 2257 Born.
340 2197 377 2256 Β.

302 2281 374 2360 Cep.
387 2283 476 2359 264
494 2285 543 2343 16.
569 2281 711 2360 Cebalino]
729 2284 860 2345 Oclalinc
874 2284 1000 2344 BernB
1014 2291 1185 2356 constanter,
1203 2283 1252 2342 scd
1264 2284 1337 2341 oliae
1351 2281 1470 2340 varieta-

237 2377 280 2427 tes
292 2387 348 2429 non
359 2377 515 2428 sustentur
530 2389 568 2428 ex
582 2371 662 2428 codd.
674 2371 790 2446 nostris,
804 2372 939 2431 nebalino
950 2372 1017 2429 odit
1032 2390 1073 2448 pr.
1086 2371 1135 2428 sod
1152 2380 1254 2446 postea
1269 2370 1339 2428 nihil
1355 2387 1374 2425 s
1391 2367 1471 2443 vulg.

239 2453 368 2512 Cebalino
384 2455 532 2514 dlvsrsum
549 2465 679 2529 notatur,
707 2455 845 2515 Ceballino
862 2457 932 2516 ΑΒ.
945 2456 1015 2539 Jun.
1034 2456 1113 2514 Mod.
1148 2453 1205 2514 Sed
1222 2455 1379 2526 Κεβαλῖνοε
1395 2453 1473 2528 opud

236 2539 396 2598 Diodorum
413 2551 459 2599 cst
483 2559 507 2600 c.
527 2541 578 2599 79.
612 2540 751 2616 Bolseno:
775 2542 852 2619 apud
874 2542 1021 2600 Plutarch.
1046 2543 1075 2600 in
1097 2541 1185 2599 Alex.
1203 2541 1259 2611 49,
1282 2539 1332 2596 sod
1348 2538 1473 2614 Anony-

237 2643 312 2700 mus,
329 2635 362 2682 ut
379 2625 468 2702 solet,
484 2635 561 2684 recto
576 2625 702 2702 corrigit.
745 2627 904 2704 subsistere]
922 2627 1071 2685 substinere
1089 2625 1166 2685 Flor.
1184 2624 1324 2698 norm,
1341 2627 1473 2682 sustinere

323 2798 348 2871 ς.
369 2795 419 2854 18.
463 2797 606 2872 incerntm]
632 2800 751 2856 incertus
773 2798 851 2856 Flor.
870 2794 1016 2873 CDFGI,
1038 2797 1173 2856 omittunt
1189 2795 1266 2854 Flor.
1284 2795 1316 2854 Η
1334 2796 1418 2853 Born.
1436 2793 1472 2852 B.

236 2881 406 2957 mbstiterat]
424 2881 585 2940 subsisterat
602 2883 689 2942 Bern.
703 2885 744 2958 A,
760 2883 915 2956 ειιὸείετονιι
931 2882 1012 2942 [nid.
1030 2882 1118 2942 Voss.
1134 2885 1148 2940 1
1169 2882 1246 2940 Flor.
1262 2881 1330 2956 ΑΒ,
1348 2883 1473 2940 consiste-

237 2977 282 3025 rat
299 2969 328 3025 in
344 2969 423 3041 repin
439 2970 559 3044 assunt&
576 2967 639 3028 huic
659 2968 723 3026 cet.
747 2969 825 3028 Flor.
843 2967 885 3043 C,
908 2969 1064 3028 subsisteret
1088 2971 1116 3025 in
1138 2971 1214 3042 repta
1230 2969 1392 3042 snpemenr't.
1410 2965 1473 3022 hnic

241 3051 305 3110 oet.
322 3052 401 3110 Flor.
421 3049 461 3112 G.
505 3055 641 3128 nuntiare]
662 3057 789 3112 nuntiare
807 3054 885 3112 Flor.
902 3053 940 3129 Β,
958 3058 1089 3112 nunciare
1106 3055 1149 3110 ed.
1168 3072 1210 3128 pr.
1228 3052 1301 3110 Mer.
1319 3051 1388 3110 ΑΒ.

324 3139 349 3212 ς.
379 3138 430 3196 21.
474 3157 508 3196 ne
532 3149 589 3197 tum
612 3140 735 3216 quiden]
759 3158 792 3198 ne
814 3137 902 3198 nmen
924 3143 1033 3216 quidem
1057 3140 1135 3197 Flor.
1153 3137 1212 3195 ΒΗ
1238 3139 1315 3214 (sup.
1333 3155 1386 3195 scr.
1405 3133 1474 3211 tum)

238 3223 326 3282 Bern.
347 3223 385 3280 B.
1356 3231 1366 3250 ·

324 3311 349 3384 ς.
375 3307 427 3379 22.
467 3309 580 3366 Metron
598 3319 657 3367 erat
675 3313 700 3368 et
716 3312 824 3384 nomen]
843 3319 929 3368 maon
952 3279 1100 3452 Flor?
1115 3310 1242 3368 Men-aaa
1260 3310 1346 3367 Bcru.
1365 3307 1407 3381 B,
1431 3309 1475 3368 M.

238 3404 298 3452 erat
315 3413 410 3452 nornen
429 3393 540 3476 er'pdit.
559 3413 602 3471 pr.
620 3394 694 3454 Mer.
712 3396 782 3454 Ald.
800 3395 878 3470 Iun,
896 3394 1023 3454 omittet
1074 3396 1118 3453 od.

326 3494 397 3574 Cup.
413 3496 466 3571 27,
483 3499 509 3572 s.
528 3499 579 3556 25.
613 3499 799 3573 percontatus]
818 3507 1009 3572 percunctatus
1027 3497 1105 3554 Flor.
1124 3495 1235 3555 BCFH
1252 3517 1270 3555 s
1287 3518 1329 3575 pr.
1347 3517 1395 3570 m.‚
1411 3515 1476 3572 per·

239 3591 367 3640 crmwtue
391 3581 470 3641 Flor.
488 3581 551 3642 GH
574 3583 612 3642 ab
628 3583 679 3640 alt
701 3602 740 3641 rn.
764 3583 853 3640 Bsrn.
875 3581 918 3656 Β,
942 3591 1130 3657 perconctatus
1155 3584 1232 3640 Flor.
1249 3584 1288 3641 D.
1331 3585 1475 3658 repressit]

238 3671 360 3742 copnouit
378 3667 457 3726 Flor.
476 3669 610 3727 DEFHI
627 3669 715 3726 Bern.
734 3668 769 3725 B.

325 3771 351 3844 ς.
370 3769 422 3828 27.
466 3772 567 3844 coepit}
583 3770 682 3828 omisit
698 3770 815 3830 Modius
833 3787 886 3826 suo
903 3787 990 3828 moro.

327 3872 352 3945 ς.
371 3872 423 3929 28.
469 3872 619 3947 qnondam]
640 3875 758 3947 quodam
775 3872 855 3930 Flor.
872 3871 948 3929 ΒΗΙ
966 3871 1053 3928 Bern.
1073 3871 1108 3928 Β.

327 3973 352 4046 ς.
371 3973 422 4030 29.
460 3976 662 4048 ,αεσενεσνεέιιή
683 3973 732 4032 Sic
749 3973 836 4031 edidit
849 3971 937 4032 Snnk.
951 3983 980 4031 et
995 3975 1065 4032 nihil
1078 3973 1225 4032 annotavit
1236 3973 1270 4032 de
1286 3973 1364 4032 codd.
1382 3971 1477 4031 Etiam

240 4057 330 4116 nostri
347 4057 455 4116 habent
469 4061 546 4134 quod
559 4059 805 4136 praescripsimus,
823 4068 934 4117 tantum
947 4061 1022 4134 quod
1034 4065 1210 4119 coerersirstnr
1222 4061 1249 4117 in
1261 4061 1338 4118 Flor.
1349 4057 1478 4118 CEFGI

242 4143 328 4201 Bern.
348 4145 385 4218 Β,
401 4149 585 4203 arcersiretur
604 4145 682 4202 Flor.
701 4145 741 4201 D.

327 4249 352 4320 S.
371 4248 423 4306 30.
458 4249 586 4322 copitovr'l
606 4250 718 4318 capnovi
735 4245 813 4304 Flor.
834 4242 993 4304 CDEFIII
1012 4247 1097 4308 Barn.
1118 4248 1152 4304 Β.
1189 4251 1241 4306 inm
1259 4249 1354 4324 aesca]
1374 4266 1480 4322 qnoque

241 4333 296 4407 des.
314 4333 394 4390 Flor.
412 4331 496 4390 DFI.
530 4353 548 4390 a
567 4332 672 4407 consp]
694 4331 795 4392 Omitt.
813 4351 832 4388 a
850 4331 878 4388 in
898 4331 975 4390 Flor.
995 4333 1020 4389 B
1040 4335 1123 4390 Bern.
1142 4335 1181 4390 Α.
1217 4335 1274 4390 llic
1290 4335 1433 4407 corrlapsns
1451 4341 1480 4389 et

241 4421 419 4493 estinqnitur.
