3324 5054
529 261 578 312 ns
606 261 733 315 esame
760 261 869 314 sarx.
895 260 946 331 ιν,
982 261 1025 308 so.
1340 244 1413 315 149

122 445 745 550 sProc'ndeaonestquodvirimn
777 442 1410 544 mammaemammal,

152 568 190 628 at
224 579 296 646 me,
331 571 370 630 ut
398 559 559 658 Ptappo
586 569 688 654 patre
722 555 863 654 dqmaa
888 567 949 646 eet,
986 566 1166 654 ommnpto
1196 557 1411 632 sarcimmm

123 665 285 742 tdwano
300 669 439 772 sortiter
465 669 607 742 dimicet.
660 663 807 738 Interim
838 666 982 738 barbari
1008 663 1264 763 impedimenta
1289 668 1411 740 turba·

153 789 299 869 verant,
313 779 500 873 caesisque
526 777 707 876 plerisque
733 773 934 863 custodum,
949 775 1092 873 captivi,
1105 776 1256 850 vinculis
1282 776 1409 875 ruptis,

154 888 330 986 quicquid
368 888 518 960 obvium
556 899 650 980 erat,
692 913 764 984 quo
800 886 930 958 armari
966 897 1129 984 possent,
1165 889 1341 985 arripiunt
1372 897 1410 962 et

153 998 347 1098 aggregati
374 1023 524 1073 suorum
550 999 730 1097 equitibus
757 994 990 1086 Macedonas,
1017 997 1165 1095 ancipiti
1191 999 1410 1072 circumven-

107 1121 214 1180 1otos
243 1107 358 1200 malo,
393 1110 589 1184 invadunt:
629 1109 783 1204 laetique
819 1107 880 1204 qui
906 1106 1001 1179 circa
1026 1103 1269 1206 Sisygambim
1295 1120 1408 1202 erant,

153 1217 290 1293 vicisse
321 1217 497 1310 Dareum,
533 1219 670 1318 ingenti
701 1217 810 1292 caede
843 1227 1043 1315 prostratos
1075 1218 1216 1322 hostes,
1249 1219 1297 1292 ad
1329 1223 1409 1294 ulti-

152 1355 258 1403 mum
298 1331 407 1405 etiam
446 1330 711 1428 impedimentis
750 1339 881 1402 exutos
916 1353 1011 1418 esse,
1049 1330 1237 1419 nuntiant,
1277 1332 1409 1430 quippe

153 1439 314 1514 eandem
338 1443 523 1515 fortunam
549 1432 681 1538 ubique
708 1465 786 1514 esse
813 1439 1018 1529 credebant,
1045 1450 1083 1512 et
1107 1441 1264 1513 victores
1278 1439 1409 1516 Persas

107 1565 135 1615 ιι
153 1550 204 1623 ad
230 1551 406 1649 praedam
438 1550 659 1626 discurrisse.
713 1547 950 1650 Sisygambis,
982 1543 1212 1625 hortantibus
1244 1554 1407 1652 captivis

154 1673 197 1735 ut
225 1662 388 1734 animum
414 1688 439 1737 a
464 1686 627 1738 maerore
654 1663 837 1753 allevaret,
863 1663 899 1734 in
926 1657 1071 1753 eodem,
1097 1688 1170 1760 quo
1197 1673 1305 1737 antee
1330 1665 1408 1756 filit,

152 1774 417 1870 perseveravit
469 1772 554 1848 Non
578 1799 655 1848 vox
680 1773 754 1847 ulla
779 1771 914 1846 excidit
939 1773 983 1863 ei,
1007 1792 1082 1848 non
1107 1773 1180 1847 oris
1206 1776 1306 1849 color
1331 1777 1409 1850 vul·

154 1893 268 1957 tusve
292 1893 456 1957 mutatus
484 1893 555 1958 est:
582 1883 677 1958 sedit
701 1884 902 1976 immobilis,
918 1883 1052 1984 (credo,
1065 1887 1258 1983 praecoqui
1272 1887 1405 1985 gaudio

153 1995 278 2068 verita
302 1995 444 2067 irritare
469 1995 678 2094 fortunam)
705 1994 796 2068 adeo
822 2005 879 2086 ut,
905 1995 992 2092 quid
1017 1997 1158 2087 mallet,
1184 1997 1409 2072 intuentibus

108 2121 136 2169 ιι
154 2127 239 2178 eam
266 2103 374 2177 fuerit
398 2097 587 2180 incertum.
626 2105 725 2181 Inter
750 2105 840 2180 haec
864 2104 1044 2198 Menidas,
1082 2109 1285 2206 praefectus
1312 2110 1410 2206 equi·

154 2226 237 2289 turn
264 2215 481 2307 Alexandri,
521 2241 604 2290 cum
636 2217 759 2318 paucis
786 2218 912 2291 turmis
939 2242 1045 2317 opem
1070 2217 1333 2318 impedimentis
1359 2220 1408 2293 la·

154 2335 266 2399 turus
292 2325 501 2419 advenerat,
527 2329 704 2402 incertum
730 2353 843 2402 suone
870 2330 1027 2420 consilio,
1045 2355 1093 2402 an
1118 2330 1212 2428 regis
1238 2330 1408 2428 imperio:

153 2513 254 2582 Itaque
276 2527 330 2564 nou
347 2509 469 2564 dubitari
486 2509 590 2566 codices
606 2510 687 2565 etiam
705 2509 767 2565 alibi
801 2511 927 2565 rimorum
944 2511 1032 2580 lectio,
1051 2511 1238 2566 coniunctione
1246 2512 1405 2568 redemisse.
1442 2520 1445 2528 '

286 2577 367 2632 tiores
383 2578 437 2632 side
520 2579 544 2647 ‘,
561 2577 637 2633 leid.
654 2580 733 2634 Voss.
753 2587 765 2632 1
802 2579 973 2634 Membratim
990 2587 1090 2648 narrat,
1108 2599 1162 2651 qua
1178 2597 1208 2636 re
1221 2581 1406 2636 efficacisora-

254 2648 282 2700 A
298 2646 442 2715 elosae
459 2665 505 2718 qui
572 2665 602 2702 aa
617 2647 768 2720 adiungunt
802 2649 882 2703 tionis
899 2666 953 2703 non
974 2648 1081 2721 paulum
1103 2657 1226 2720 augetur.
1262 2651 1318 2703 Sed
1336 2653 1407 2704 sedit

153 2716 238 2770 emm
258 2715 360 2770 CDGI.
801 2716 829 2770 in
846 2734 899 2771 uuo
919 2718 954 2770 de
975 2718 1073 2772 nostris
1089 2716 1162 2771 Flor.
1181 2717 1203 2772 (l
1221 2725 1272 2786 cst,
1290 2720 1407 2772 coneedit
1456 2778 1459 2786 ¹

190 2789 263 2850 Μ.
297 2787 393 2838 mrim
410 2786 550 2854 praequam
597 2784 659 2840 Hoc
675 2783 768 2839 ordine
801 2785 829 2839 in
846 2785 919 2839 Flor.
937 2785 971 2840 G.

153 2853 241 2906 verba
261 2851 426 2907 collocantem
451 2854 523 2923 apud
576 2853 666 2908 odium
689 2862 719 2907 et
739 2852 767 2906 in
830 2855 977 2924 praecoqui
992 2852 1112 2908 edidmt
1128 2853 1251 2922 Medius,
1268 2863 1297 2909 et
1313 2854 1351 2910 sie
1367 2861 1410 2910 eet

154 2919 257 2976 noeais
277 2919 352 2974 libris
368 2937 429 2974 mee.
446 2920 587 2989 omnibus,
613 2921 695 2976 Snak.
713 2939 767 2984 uuo
801 2921 829 2976 in
852 2921 927 2976 leid.
944 2922 1022 2978 Voss.
1050 2929 1063 2976 l
1087 2921 1169 2977 Ber-n
1195 2931 1309 3005 utroque
1334 2923 1409 2979 Fler'.

153 2991 234 3043 Voss.
255 2995 279 3041 1.
305 2987 396 3059 Vulgo
413 2990 554 3060 qrdcqaam
571 2992 675 3045 siriam.
700 2990 767 3045 Mox
801 2989 974 3058 secrete,
986 2989 1015 3044 in
1032 2991 1130 3046 ceteris
1165 2990 1237 3045 sucis
1249 2992 1408 3063 srcutrulgo

153 3056 267 3112 ldodius
284 3065 357 3111 recte
373 3066 402 3110 ut
419 3075 460 3112 me
497 3067 526 3112 ut
542 3057 613 3113 Ptil.
630 3058 768 3130 eleganter
801 3058 925 3114 scribitur
942 3075 1100 3130 praecoque.
1165 3077 1270 3114 mecace
1297 3062 1325 3114 in
1354 3078 1408 3132 quo

153 3123 275 3198 repetito
291 3124 430 3180 vocabulo.
459 3097 514 3181 ltu}
533 3165 541 3178 .
559 3137 588 3180 ut
604 3145 645 3180 me
661 3137 685 3180 et
702 3128 767 3180 ΡΜ·
802 3121 869 3182 libro
894 3145 943 3180 ms.
967 3127 1073 3198 legatur
1097 3145 1152 3182 non
1180 3128 1293 3185 invenio.
1336 3129 1408 3190 Scri-

154 3195 229 3264 tc'ppo
247 3209 302 3248 non
318 3202 362 3247 est
377 3193 431 3248 nisi
445 3193 473 3248 in
524 3213 562 3249 or.
580 3193 682 3262 DEGI,
700 3195 767 3250 alte·
801 3194 882 3249 bendi
898 3196 967 3250 ratio
985 3195 1065 3250 etiam
1082 3197 1152 3267 apud
1170 3205 1273 3251 veteres
1295 3197 1410 3252 radant

154 3279 217 3316 rum
236 3271 265 3315 at
282 3262 409 3316 omissum
426 3270 468 3316 est
484 3263 513 3317 in
530 3263 602 3318 Flor.
620 3263 653 3317 B.
804 3265 915 3318 necdum
932 3265 961 3317 in
978 3265 1129 3318 universum
1151 3265 1314 3319 constituere
1331 3267 1408 3338 potui

190 3334 215 3400 ς.
222 3337 247 3384 9.
254 3332 391 3402 arripiunt
395 3331 520 3412 plerique
528 3348 619 3386 omues
628 3339 656 3387 et
665 3331 768 3404 optimi,
803 3341 865 3386 utra
881 3332 1017 3404 probatior
1033 3341 1111 3387 essct.
1134 3332 1190 3387 Sed
1206 3333 1267 3388 libri
1286 3335 1409 3390 Curtiani

153 3397 768 3471 floanleumedalloucomptumnullus
803 3401 884 3455 etiam
909 3407 1039 3470 vm,'·ltt
1068 3401 1171 3456 litteras
1197 3419 1233 3472 qu
1265 3405 1408 3458 secundum

154 3477 312 3523 amborum
329 3468 401 3540 quod
427 3467 509 3540 vulgo
540 3469 630 3523 editur
651 3471 767 3540 rapiant
802 3469 964 3550 primitivum
973 3472 1285 3540 caqaerecommendant
1303 3471 1409 3526 Deinde

191 3541 217 3604 s.
240 3543 282 3604 10,
317 3537 382 3590 laeti
417 3539 500 3606 equi
521 3537 670 3592 circa.Sis.
693 3547 769 3592 eram
802 3541 911 3592 enitare
927 3540 1069 3608 fortunam
1091 3555 1181 3593 omnes
1201 3557 1279 3608 mes„
1301 3557 1355 3594 non
1376 3548 1409 3595 ut

155 3635 191 3647 —-
208 3605 361 3727 amancii
407 3615 470 3660 rant
491 3605 519 3658 bi
538 3606 609 3659 haud
626 3605 706 3659 dubie
723 3605 767 3659 alii
802 3606 868 3661 editi
876 3609 946 3677 sort.
964 3609 1081 3660 imitare.
1107 3609 1271 3661 Intuentibus
1288 3625 1346 3661 eam
1363 3609 1410 3662 ad·

156 3691 240 3754 quam
262 3673 309 3744 qui
362 3675 492 3754 qaedam
514 3673 676 3755 invaserunt,
694 3674 768 3755 pedi-
801 3673 859 3729 dito
880 3674 1035 3746 pronomine
1055 3676 1129 3746 quod
1148 3675 1177 3730 in
1200 3675 1273 3748 vulg.
1295 3694 1349 3730 non
1367 3684 1410 3732 est

155 3742 460 3890 ffimufudrllethldtddi
481 3757 516 3892 u:
525 3759 686 3892 ᾳῗιῖιῗῗῖίῗιιὲ
694 3760 767 3892 :ddi-
800 3743 1178 3892 Floalqinnffmqqaqfndflss.
1192 3819 1250 3866 erat
1269 3815 1408 3892 Amyntas,

156 3885 373 3950 camscnpturae
382 3881 493 3946 ducunt,
507 3897 535 3932 m
561 3881 767 3935 uibusommbus
801 3898 813 3934 s
865 3897 893 3933 ιιι
909 3880 990 3935 Bern
1013 3887 1129 3952 auoque
1150 3880 1222 3934 Flor.
1240 3883 1362 3935 ommbus
1379 3890 1409 3936 et

156 3957 235 4002 eram
260 3946 372 4019 legitur,
403 3947 432 4002 in
457 3947 530 4002 Flor.
582 3948 610 4002 Η
636 3949 714 4002 Bern.
742 3948 765 4002 B
801 3947 994 4003 Leid.Voss.1
1013 3949 1266 4003 Miaidaa.Verum
1280 3950 1409 4004 Menidas

157 4017 223 4069 laeti
241 4017 302 4086 qai,
325 4015 354 4070 ia
369 4019 480 4071 Vocat
505 4019 570 4071 laeti
576 4057 584 4085 ‚
611 4015 639 4070 in
660 4015 767 4088 reliquis
801 4017 883 4070 ctiam
899 4017 969 4070 infra
990 4025 1110 4073 extremo
1134 4017 1202 4072 libro
1226 4017 1297 4074 inter
1314 4019 1407 4073 vulne-

158 4085 223 4138 laeti
259 4101 273 4137 e
308 4093 339 4138 ut
364 4087 411 4155 qui
438 4093 549 4157 propter
578 4085 693 4140 viduum
718 4102 768 4156 que
801 4093 873 4140 ratos
891 4086 1049 4141 nominatur.

157 4151 245 4207 exci'
305 4151 434 4207 videatur.
462 4153 551 4236 Vulgo
569 4154 663 4225 (etiam
680 4153 766 4222 Moe)
836 4156 974 4226 incertam]
1011 4155 1095 4210 code.
1117 4153 1185 4226 pleri
1204 4171 1238 4208 ue
1261 4173 1321 4211 cum
1343 4156 1407 4211 adit.

158 4221 288 4290 Laetique
305 4224 377 4276 circa
397 4223 450 4275 Sis.
468 4225 563 4277 vicisse
580 4231 630 4277 eet.
801 4223 875 4276 Mod.
893 4235 921 4276 et
939 4226 999 4292 iac,
1017 4223 1061 4278 alii
1078 4225 1186 4280 FlorD
1215 4224 1229 4277 1
1246 4235 1288 4292 at,·
1305 4233 1409 4278 utrum·

212 4297 280 4342 .ll.
315 4292 384 4344 sedit
409 4292 558 4360 immobilis]
592 4291 686 4346 Placet
704 4291 768 4345 baec
802 4307 853 4363 que
879 4307 913 4344 ex
940 4293 1128 4348 terminatione
1154 4293 1302 4366 praegressi
1334 4293 1407 4348 verbi

210 4355 279 4412 'cum
302 4357 546 4431 antiquissimam
567 4359 645 4413 simul
663 4369 692 4414 et
708 4360 767 4432 plu·
802 4369 891 4416 ortum
908 4359 1021 4416 videtur.
