3350 5042
592 275 642 327 nr
669 275 797 332 ousrrs
822 277 932 330 anax.
959 275 1085 346 V.11‚²⁷·
1393 255 1465 324 327

231 456 325 528 Turn'
357 451 583 542 Memacenis,
610 459 708 533 haud
748 459 875 532 iniuria
910 457 1059 530 infestus
1098 455 1144 528 ad
1178 457 1395 557 Meleagrum
1431 467 1469 532 et

176 585 212 634 aa
233 565 440 642 Perdiccam
474 570 578 644 redit.
637 567 710 641 Sed
747 592 821 640 non
856 569 925 640 elia
963 569 1048 641 urbs
1088 567 1213 640 fortius
1248 569 1468 644 obsidionem

231 677 327 751 tulit:
362 681 493 780 quippe
520 691 558 753 et
582 679 735 750 militum
761 680 1014 778 promptissimi
1041 677 1213 766 cecidere,
1240 677 1376 775 etipse
1402 704 1467 753 rex

230 787 277 860 ad
304 791 467 862 ultimum
493 789 690 886 periculum
716 790 825 863 venit
864 790 1027 886 Namque
1052 789 1175 862 cervix
1201 787 1276 862 eius
1302 813 1390 862 sexo
1417 790 1467 862 ita

229 899 301 976 icta
331 911 405 990 cst,
440 909 481 971 ut
512 901 625 974 oculis
659 902 808 1001 caligine
835 903 951 974 offusa
975 901 1228 987 collaberetur,
1263 924 1308 970 ne
1338 900 1465 974 mentis

229 1009 373 1106 quidem
405 1033 567 1108 compos;
601 1015 779 1086 exercitus
806 1023 902 1086 certe
938 1014 1037 1085 velut
1068 1019 1191 1107 erepto
1218 1032 1261 1081 eo
1286 1010 1465 1106 ingemuit.

177 1137 211 1186 aa
230 1116 303 1192 Sed
329 1120 483 1194 invictus
518 1121 694 1196 adversus
729 1149 790 1214 ea,
825 1147 917 1221 quae
952 1131 1089 1194 ceteros
1124 1130 1273 1209 terrent,
1306 1117 1466 1192 nondum
1507 1192 1511 1199 ,

231 1241 420 1327 percurato
447 1233 614 1322 vulnere,
641 1233 758 1306 acrius
783 1232 960 1306 obsidioni
984 1232 1128 1321 institit,
1154 1230 1352 1302 naturalem
1378 1233 1464 1306 celc-

229 1343 373 1418 ritatem
385 1344 439 1416 ira
451 1343 664 1416 concitante.
698 1341 870 1417 Cuniculo
885 1367 972 1440 ergo
998 1343 1151 1416 suffossa
1170 1341 1315 1441 *moenia
1339 1342 1464 1438 ingens

230 1452 414 1528 nudavere
439 1452 606 1552 spatium,
633 1479 698 1553 per
725 1454 822 1550 quod
852 1453 990 1552 irrupit,
1016 1453 1200 1550 victorque
1224 1451 1349 1526 urbem
1374 1449 1466 1526 dirui

229 1562 341 1636 iussit

179 1691 213 1738 ²4
333 1671 428 1746 Hinc
457 1672 710 1749 Menedemum
748 1700 829 1749 eum
860 1697 902 1748 m
935 1675 1075 1749 milibus
1107 1672 1267 1772 peditum
1298 1684 1336 1747 et
1367 1674 1515 1746 ncccl8

230 1783 407 1878 equitibus
433 1785 482 1859 ad
507 1785 634 1860 urbem
646 1784 863 1860 Maracanda
888 1786 993 1860 misit
1033 1783 1254 1885 Spitamenes
1281 1785 1466 1884 transfuga
1580 1789 1595 1796 ’”

230 1894 408 1991 praesidio
421 1893 673 1984 ¹Macedonum
694 1897 782 1972 inde
809 1895 963 1988 deiecto,
997 1897 1108 1970 muris
1134 1895 1232 1971 urbis
1258 1895 1332 1970 eius
1358 1895 1465 1969 inolu-

229 2016 327 2080 serat
351 2030 407 2097 se,
441 2005 541 2080 baud
565 2005 755 2105 oppidanis
781 2008 971 2082 consilium,
1000 2006 1207 2082 defectionis
1237 1999 1464 2104 approbanti

228 2115 305 2189 bus.
359 2114 466 2214 Sequi
484 2127 606 2192 tamen
622 2117 849 2209 videbantur,
875 2120 959 2216 quia
981 2118 1170 2219 probibere
1192 2141 1264 2196 non
1286 2125 1462 2216 poterant

178 2243 213 2292 rs
230 2225 376 2300 Interim
410 2227 620 2302 Alexander
651 2228 699 2302 ad
724 2227 874 2302 Tanaim
907 2255 1048 2304 amnem
1077 2228 1190 2320 redit,
1225 2238 1262 2300 et
1291 2238 1464 2325 quantum

229 2335 295 2410 soli
321 2348 587 2436 occupaverant
613 2341 750 2433 castris,
776 2365 880 2414 muro
907 2337 1149 2414 circumdedit
1200 2359 1250 2412 rx
1267 2336 1463 2412 stadiorum

230 2447 327 2520 urbis
353 2474 477 2524 murus
494 2450 587 2523 ·fuit:
624 2451 717 2525 hano
743 2476 885 2550 quoque
912 2453 1038 2527 urbem
1063 2449 1318 2525 Alexandriam
1344 2449 1477 2547 appel·

176 2557 294 2630 solari
318 2558 431 2634 iussit
485 2557 587 2659 Opus
613 2571 717 2636 tanta
742 2563 924 2637 celeritate
950 2564 1147 2661 perfectum
1173 2571 1238 2651 est,
1264 2571 1305 2632 ut
1327 2558 1463 2634 decimo

228 2671 380 2768 septimo
406 2671 474 2763 die,
501 2695 610 2770 quam
634 2673 857 2749 munimenta
881 2675 1039 2748 excitata
1064 2684 1176 2764 erant,
1201 2685 1297 2748 tecta
1323 2697 1463 2773 quoque

227 2919 327 2981 bonan
357 2932 480 2992 recubu,
511 2943 573 2980 crim
600 2923 682 2995 vulgo
707 2926 832 2982 edentur
899 2931 924 2990 s.
941 2933 983 2982 22.
1018 2936 1104 2998 erepto
1130 2944 1160 2980 eo
1187 2930 1317 2999 ingemuit.
1352 2924 1463 2982 Codices

227 2991 342 3060 diripere
362 2994 449 3062 possit
475 2992 587 3048 deleam
612 2993 774 3048 Macedones
796 3025 832 3038 ·-
864 2992 940 3048 leid.
957 2998 1035 3050 Voss.
1054 3001 1067 3050 1
1086 2993 1167 3050 Rern.
1184 3000 1210 3052 Δ
1226 2995 1297 3051 Flor.
1314 2993 1363 3050 AG
1380 2992 1463 3048 Paris.

140 3095 143 3102 ·
227 3059 352 3126 insulem
369 3071 393 3114 ct
410 3064 449 3115 cd
460 3061 501 3114 Μ.
537 3059 622 3116 Codd
639 3079 731 3116 omues
748 3063 831 3116 dirii
866 3061 914 3116 AB
932 3065 1000 3117 adul
1017 3073 1105 3134 erepto
1123 3064 1151 3116 in
1168 3080 1207 3130 eo,
1225 3074 1253 3117 et
1269 3063 1388 3117 ediderat
1403 3061 1464 3116 Mo-

226 3125 362 3195 exbibent,
385 3127 599 3183 couiuuctionem
616 3139 640 3183 et
657 3129 757 3184 tollunt
803 3148 831 3184 e-
865 3129 931 3185 dius.
957 3131 1018 3202 Ego
1036 3133 1064 3184 in
1081 3135 1121 3185 cll
1138 3149 1170 3186 uo
1187 3135 1284 3186 lomere
1301 3131 1465 3199 inqemisesre

225 3193 305 3266 nique
321 3214 371 3266 pro
387 3199 498 3277 delectos
515 3201 587 3278 quod
603 3197 712 3252 inFlor.
722 3171 773 3252 Ed
790 3199 830 3252 iu·
864 3216 918 3253 uon
935 3199 1000 3254 mibi
1017 3149 1162 3282 persuadeo
1178 3200 1287 3255 latinum
1304 3215 1370 3267 esse,
1392 3205 1464 3254 certe

225 3271 334 3318 ventum
349 3273 400 3328 est,
418 3271 488 3320 naut
504 3268 611 3321 abaco
628 3267 656 3320 iu
669 3265 741 3321 Flor.
756 3266 831 3322 Dar
865 3286 918 3323 non
935 3285 1028 3338 prosae
1045 3268 1157 3324 cratium
1173 3277 1272 3340 aptum.

225 3331 282 3386 Pal.
303 3339 332 3399 1,
356 3332 385 3386 in
406 3331 480 3388 Flor.
500 3336 526 3387 A
551 3333 628 3388 Laid
650 3335 776 3402 delectae,
802 3335 830 3390 in
901 3334 964 3407 Cap
974 3343 1016 3402 28,
1025 3339 1047 3405 ξ.
1057 3343 1098 3392 26.
1125 3339 1179 3391 dec.
1196 3339 1300 3418 septeno
1317 3338 1360 3391 die
1377 3337 1462 3408 wem]

225 3399 306 3454 Bora.
320 3401 346 3453 A
362 3401 440 3456 Voss
457 3410 468 3455 l
488 3401 560 3457 Flcr.
580 3403 603 3458 O
620 3401 761 3474 tribusque
778 3403 830 3458 Pa·
864 3403 951 3486 Vulgo
968 3407 1064 3459 amm
1081 3407 1186 3474 septimo
1203 3407 1245 3460 dis
1311 3402 1464 3473 ,necaliae

224 3465 310 3522 sisinio
328 3469 417 3536 delete,
435 3469 581 3525 lullonll
598 3471 716 3526 BermB
735 3474 829 3541 delere,
864 3481 1008 3527 varietates
1024 3490 1041 3526 e
1058 3473 1153 3527 uonna
1170 3473 1253 3528 codici
1272 3490 1303 3526 us
1320 3479 1464 3528 euotentur

224 3534 253 3590 in
271 3535 348 3592 Voss.
365 3543 381 3592 2
400 3539 495 3604 duae,
516 3537 546 3592 iu
562 3537 636 3594 Flor.
653 3539 676 3593 F
690 3542 763 3610 flers
783 3557 831 3594 ex-
864 3540 914 3594 nisi
931 3543 959 3596 ia
976 3556 1048 3595 xvrr.
1066 3543 1108 3596 die
1124 3541 1196 3596 Flor.
1213 3541 1321 3609 Ellis
1336 3543 1463 3595 wids'e

225 3612 325 3658 meur.
359 3605 495 3660 Acidalim
503 3605 716 3662 Manccenorrsu
735 3625 830 3663 nomen
864 3609 945 3664 Bcrn.
962 3609 996 3665 B.
1031 3611 1205 3664 curtodecimo
1222 3612 1264 3664 die
1299 3627 1331 3663 uo
1348 3608 1452 3668 Florae

223 3672 353 3752 sagaciter
368 3675 418 3727 sub
435 3675 829 3752 Macedonibus-investigavit,
862 3691 924 3731 xva
942 3679 986 3733 dis
1025 3677 1106 3733 lonF
1132 3691 1209 3732 xvu⁰
1222 3681 1265 3732 die
1281 3629 1352 3732 iter.
1361 3677 1383 3734 1.
1409 3652 1463 3736 Sed

223 3749 431 3796 cetereuccom
485 3758 545 3796 ens:
563 3745 829 3811 deletu,Memoceais
881 3763 942 3800 uam
959 3745 1055 3817 legitur
1072 3717 1217 3801 iablonD
1234 3745 1376 3802 ParisAB
1385 3747 1460 3805 Leid

223 3809 332 3878 wesen
355 3812 399 3889 ad·
409 3759 485 3863 Adon
484 3809 546 3880 Ego
567 3811 692 3867 audacius
717 3813 829 3868 fortasse
892 3831 925 3868 oc
942 3814 998 3868 sine
1015 3813 1181 3868 dubitatione
1202 3813 1304 3885 recepi,
1327 3813 1395 3870 sicut
1411 3818 1463 3872 iam

223 3885 357 3948 grummo
374 3878 492 3946 videbor,
507 3878 561 3932 'sed
579 3880 624 3934 ubi
642 3881 723 3934 semel
740 3899 830 3936 conu-
863 3881 953 3936 Iunius
962 3891 991 3937 et
1000 3881 1107 3936 Medius
1124 3883 1290 3954 scripserant,
1309 3900 1393 3956 neque
1410 3885 1463 3940 alia

222 3951 297 4016 parm
313 3961 372 4000 esse
388 3945 475 4000 locum
492 3944 666 4018 intellexeris,
684 3949 733 4004 vix
745 3958 830 4004 estut
861 3951 1016 4006 testimonis
1029 3950 1150 4005 codicum
1162 3969 1222 4005 mss.
1231 3955 1394 4021 expectanda
1401 3963 1463 4008 suut

222 4014 313 4094 paucis
329 4021 469 4094 constemus
486 4015 576 4083 abens,
593 4015 643 4070 nisi
654 4017 726 4089 quod
740 4017 830 4074 volue-
864 4019 1077 4090 quandoquidem
1085 4020 1120 4072 ab
1128 4020 1219 4074 eedem
1228 4019 1317 4072 littere
1325 4019 1462 4104 insequens

222 4099 268 4147 ru,
294 4089 443 4136 sermatiae
467 4083 651 4154 iutegritatem
673 4087 829 4140 restitueris.
863 4088 1018 4142 vocabulum
1044 4087 1094 4141 inci
1114 4087 1143 4142 io
1182 4087 1328 4142 Numerum
1357 4091 1463 4160 quidem

221 4148 293 4204 Nam
309 4149 337 4204 in
354 4151 539 4232 emendatione
555 4152 668 4207 Acidalii
684 4153 829 4210 ablativum
863 4157 977 4210 eundem
994 4155 1074 4210 tradit
1091 4105 1204 4235 fustium
1220 4169 1274 4235 ξπ..
1291 4161 1317 4223 5,
1335 4161 1462 4224 cumAr·

222 4217 305 4272 absol.
332 4221 416 4274 deletu
442 4239 487 4274 vu
513 4230 579 4292 puto
605 4221 727 4293 cuiquam
752 4223 829 4278 satis·
863 4223 953 4278 nauus
970 4243 1037 4296 opus
1053 4223 1125 4278 intra
1140 4223 1235 4295 viginti
1248 4225 1303 4278 dies
1312 4225 1462 4282 absoldtum

222 4283 310 4340 secere
326 4303 418 4358 posse,
445 4304 506 4343 cum
523 4289 601 4358 facile
620 4291 699 4346 Araris
720 4291 829 4346 infiniti·
863 4292 963 4347 scribat
979 4309 1019 4360 rv,
1037 4300 1061 4346 4.
1097 4291 1169 4346 Urbs
1187 4292 1252 4346 haee
1268 4302 1308 4347 est
1325 4293 1462 4376 Stephano

224 4371 286 4408 vum
303 4358 463 4428 praegressis
479 4355 633 4430 adiungere.
863 4359 994 4431 Byzantio
1018 4360 1211 4416 octavadecima
1237 4361 1397 4418 Alexandria
1424 4365 1463 4418 ad
