3388 5032
715 273 912 383 Arruuulx.
1351 308 1422 378 561

277 513 304 586 ς.
324 511 354 568 9.
389 511 545 588 delicatam]
564 514 692 572 dedicata
709 513 795 572 Bcrn.
813 513 845 570 A
862 511 941 570 Flor.
959 513 1017 570 AB
1034 511 1133 584 Loid„
1156 514 1307 571 dedicatam
1324 511 1425 588 reliqui

192 597 271 654 Flor.
290 602 319 652 et
336 595 423 654 Bern.
442 597 468 655 B
487 599 576 658 Voss.
595 601 625 672 2,
643 601 761 657 delicato
778 596 867 655 Voss.
888 599 915 654 1.
949 599 1095 672 vehentem]
1116 595 1165 656 Sic
1182 598 1261 670 Alo„
1278 616 1342 654 cum
1360 597 1425 654 edit.

192 681 281 756 prino.
299 681 403 739 haboat
419 685 592 742 uehementer.
624 683 727 742 Nostri
751 691 781 740 ot
798 679 888 740 Suuk.
916 701 987 742 mse.
1006 701 1105 742 omncs
1122 683 1296 742 veientonem
1314 691 1424 759 praetor

193 767 280 823 Baru.
300 765 330 824 A
349 767 378 825 in
396 789 454 844 quo
471 779 517 828 est
533 770 677 828 vehentem.

279 853 305 926 ς.
328 853 375 911 13.
410 859 492 929 reqiic
509 853 616 928 pueris]
641 854 713 927 reqie
728 853 824 928 pue'rir
847 853 926 910 Flor.
946 851 971 912 C
991 853 1080 912 Voss.
1100 853 1136 926 2,
1160 853 1223 910 odd.
1248 861 1317 910 vett.
1336 870 1427 926 usquo

196 937 232 994 ud
250 937 412 1012 Iuniarum,
427 942 523 1013 pueris
541 939 623 1012 reptio
641 937 720 996 Flor.
739 939 769 996 H
788 939 876 994 Born.
892 937 928 994 B.

279 1025 306 1098 s.
328 1025 377 1080 14.
413 1025 463 1097 qui
477 1023 569 1079 Darei
578 1025 688 1099 suerat]
707 1023 794 1080 Darii
811 1023 897 1097 (nihil
913 1022 1005 1100 uliud)
1030 1023 1160 1082 Born.B
1185 1023 1263 1082 Flor.
1283 1022 1426 1082 DEFHI.

194 1109 389 1186 conspexisset]
409 1111 580 1184 compareret
597 1107 685 1166 Bern.
703 1107 740 1166 B.

296 1207 371 1284 Gap.
402 1209 438 1281 9,
467 1209 493 1282 ς.
526 1211 575 1268 16.
627 1209 680 1268 ΙΙΙ
705 1209 820 1284 mitium]
846 1209 899 1268 III
923 1213 1000 1270 milia
1023 1210 1111 1270 Bam.
1134 1211 1166 1270 A
1193 1211 1274 1270 Flor.
1292 1211 1324 1270 A
1344 1209 1426 1270 Leid.

193 1329 283 1387 Voss.
303 1329 331 1402 1,
349 1290 392 1392 (ᾗ
409 1327 490 1386 Flor.
509 1327 576 1388 FG.
1008 1361 1010 1366 v
1305 1397 1308 1403 ,

279 1415 305 1487 s.
326 1413 377 1470 17.
412 1414 556 1489 satrapea]
576 1411 626 1472 Sic
644 1413 726 1490 plene
742 1413 825 1471 Loid.
842 1413 933 1474 Voss.
955 1418 968 1472 l
990 1415 1077 1473 Bam.
1095 1409 1128 1474 A
1145 1414 1225 1472 Flor.
1244 1415 1312 1490 ΑΒ,
1329 1415 1429 1492 ruliqui

195 1498 286 1558 nostri
306 1507 436 1572 satrapae
453 1498 502 1555 vol
518 1508 640 1574 rumpe,
658 1517 733 1558 unus
751 1497 831 1557 Flor.
849 1498 879 1559 G
896 1504 1032 1576 eutropia.

280 1601 307 1674 ς.
334 1599 384 1656 19.
419 1600 625 1678 admonerique]
644 1603 787 1659 admoneri
801 1601 889 1659 Bern.
908 1601 934 1659 B
953 1601 1033 1661 Flor.
1052 1599 1089 1676 O,
1106 1604 1249 1660 admonere
1266 1603 1344 1662 Flor.
1362 1601 1429 1661 ΕΗ.

193 1686 288 1761 uentu]
307 1682 410 1742 Omitt.
426 1685 514 1742 Bam.
529 1686 565 1760 B,
581 1695 667 1744 oeetee
684 1695 771 1744 errent
788 1684 868 1747 Flor.
887 1686 921 1745 C.
957 1689 1149 1764 assuefaceret]
1168 1689 1274 1764 adeuq'.
1293 1689 1379 1746 Bern.
1397 1683 1430 1748 A

195 1771 275 1829 Flor.
295 1766 337 1829 A.
371 1773 399 1826 in
417 1772 547 1846 contum]
573 1772 609 1829 In
627 1771 765 1830 omittunt
786 1771 917 1830 BeruB
942 1771 1023 1831 Flor.
1043 1770 1144 1830 CDFI
1167 1773 1233 1832 Pul.
1253 1776 1267 1831 1
1292 1774 1381 1832 Voss.
1400 1773 1430 1846 2,

195 1874 282 1932 super
298 1855 403 1912 lineam
420 1853 591 1914 adscribitur
605 1857 637 1914 in
654 1856 734 1916 Flor.
752 1857 791 1926 Ε,
810 1859 851 1914 ad
866 1859 929 1916 aod.
947 1859 1030 1916 modo
1049 1858 1079 1916 in
1096 1858 1175 1916 Flor.
1193 1859 1234 1916 H.

281 1943 307 2016 ς.
327 1940 379 1998 20.
414 1942 501 2017 dona]
520 1943 620 1999 donum
636 1941 761 1999 BeruB
778 1941 859 2001 Flor.
878 1943 965 2016 FHI,
982 1945 1090 2000 domum
1107 1943 1188 2001 Flor.
1206 1944 1283 2007 DE..
1299 1945 1429 2019 tulerant]

195 2027 314 2084 tulerunt
335 2025 422 2084 Bern.
440 2026 478 2083 B.
514 2030 602 2085 noetri
623 2029 716 2103 decep.
733 2028 788 2104 me]
812 2031 897 2088 ouon
919 2029 999 2096 Flor.
1017 2029 1047 2086 D
1064 2027 1095 2086 in
1119 2036 1216 2104 textu,
1240 2032 1323 2088 nun
1346 2031 1432 2087 noetri

196 2111 277 2170 Flor.
295 2111 331 2185 F,
348 2119 373 2168 te
389 2109 470 2170 Flor.
489 2111 521 2168 H
537 2112 626 2170 Bern.
643 2112 681 2171 B.
898 2121 912 2142 ·

282 2214 308 2287 ς.
328 2212 380 2270 22.
415 2214 657 2290 quatierucunque]
677 2211 727 2272 Sic
743 2214 824 2273 Flor.
843 2215 914 2273 EFI
930 2215 1018 2274 Bam.
1035 2215 1073 2290 B,
1094 2219 1328 2290 quotienscumque
1344 2215 1430 2274 Beru.

196 2293 230 2358 A
246 2298 326 2356 Flor.
345 2296 478 2372 ABGH4
496 2300 714 2375 quotiescumque
730 2300 833 2376 reliqui
849 2301 930 2360 Flor.
965 2300 1114 2380 annueres]
1132 2303 1266 2360 adnuereo
1285 2301 1371 2359 Beru.
1389 2298 1431 2375 A,
1537 2321 1540 2328 ¹
1610 2305 1613 2314 ’

195 2385 380 2441 annunciaret
396 2383 483 2441 Born.
501 2383 538 2442 B.
574 2386 658 2442 matri
676 2384 845 2461 olympiad]
864 2388 961 2444 matric
981 2385 1145 2462 Olimpiadie
1159 2386 1223 2445 edd.
1241 2386 1349 2464 primae
1366 2396 1432 2444 unte

196 2464 309 2530 Aluum
326 2477 356 2527 ct
372 2469 454 2528 codd.
472 2468 533 2528 noti
549 2488 649 2528 omncs
666 2463 784 2546 praeter
796 2471 876 2529 Flor.
894 2472 953 2530 AB
971 2471 1002 2529 in
1019 2472 1123 2548 quibus
1139 2474 1223 2530 matri
1241 2472 1413 2547 olimpiadis.

284 2569 357 2647 Cup.
379 2573 428 2644 10,
446 2573 471 2646 ς.
492 2573 519 2630 1.
547 2571 714 2631 ritoectribtu
724 2571 808 2649 ripis]
826 2575 958 2632 eiiomtrie
973 2573 1189 2650 (omicronpir)
1204 2574 1285 2633 Flor.
1300 2573 1431 2632 DEFHI

197 2655 285 2714 Baro.
302 2656 329 2714 B
347 2655 438 2716 Voss.
458 2657 488 2716 2.
521 2657 684 2734 deuoluitur]
708 2659 854 2718 diuoluitur
878 2659 957 2720 Flor.
976 2653 1010 2720 A
1033 2659 1121 2718 Baro.
1138 2655 1172 2720 A
1196 2677 1274 2737 apr.
1291 2678 1331 2718 m.
1350 2659 1430 2718 Laid.

197 2741 363 2902 Voes].l·2.
399 2829 455 2886 iam
476 2829 600 2904 nauium]
626 2825 676 2888 Sic
699 2828 810 2905 primus
828 2823 931 2888 Iunius
956 2848 994 2886 ex
1018 2829 1080 2888 cod.
1106 2829 1199 2906 qualis
1222 2837 1267 2888 est
1287 2830 1367 2889 Flor.
1391 2828 1432 2903 G,

197 2913 299 2990 reliqui
325 2931 425 2972 omnes
446 2933 511 2972 nom
535 2917 662 2989 numum,
691 2915 748 2974 nisi
772 2915 848 2992 quod
865 2915 896 2973 in
919 2915 1045 2974 uronu
1073 2918 1129 2973 iam
1153 2935 1240 2992 super
1265 2916 1315 2973 lin.
1341 2935 1432 2974 corre·

198 3007 364 3159 metu.
404 3057 466 3142 nm
490 3084 544 3142 rx
565 3074 673 3142 moon.
695 3086 830 3161 prorum]
855 3105 916 3144 mm
940 3086 1033 3145 unu
1053 3085 1081 3142 a
1103 3088 1169 3160 peu.
1193 3087 1279 3144 uem.
1297 3081 1330 3146 A
1352 3088 1431 3145 rur.

197 3169 254 3230 Ac
273 3169 363 3228 Voss.
382 3171 397 3226 l
420 3170 465 3246 (iu
481 3189 540 3246 qun
556 3168 698 3246 scriptura
714 3172 743 3228 B
761 3172 875 3231 videtur
891 3191 956 3230 esso
972 3192 1024 3248 pro
1041 3171 1103 3248 M),
1120 3192 1181 3231 cum
1205 3171 1296 3232 VIIII
1311 3174 1339 3230 d.
1354 3175 1433 3248 pedi·

197 3299 253 3347 um
270 3289 357 3347 olor.
368 3289 484 3362 nuru,
500 3307 561 3347 um
585 3288 663 3348 Vm
676 3291 705 3347 a
719 3291 844 3364 penum
862 3290 941 3349 rur.
960 3291 992 3348 Η
1010 3291 1097 3349 uem.
1112 3291 1150 3365 B,
1167 3311 1228 3350 aa
1251 3254 1342 3359 νῖἷιι
1353 3283 1433 3370 pen:

197 3385 254 3432 tum
271 3383 300 3432 et
317 3393 404 3451 super
421 3375 470 3432 liu.
489 3377 642 3450 quinqentic
658 3374 739 3433 Flor.
758 3373 798 3434 G.

283 3463 310 3536 s.
329 3463 360 3518 4.
397 3463 497 3535 quippe
514 3457 623 3537 ultima]
642 3463 744 3535 quippe
762 3462 811 3535 qui
826 3461 921 3517 uicinia
939 3463 1019 3521 Flor.
1038 3461 1079 3525 G.

284 3547 309 3620 ς.
328 3547 356 3603 5.
392 3545 473 3617 urbe,
498 3547 642 3621 eipaucoo
659 3546 787 3621 munet]
807 3547 961 3606 immrcieoet
984 3549 1063 3608 Flor.
1083 3545 1126 3624 O,
1148 3549 1183 3606 ab
1200 3549 1266 3606 urbe
1283 3551 1433 3608 immmiooet

198 3631 278 3690 Flor.
296 3629 429 3688 DEFHI
447 3628 534 3688 Bern.
551 3631 589 3688 B.

284 3718 310 3791 ς.
332 3719 361 3774 6.
396 3717 491 3790 iidem]
510 3718 582 3774 idem
598 3716 686 3774 Born.
697 3710 731 3775 A
747 3716 828 3776 Flor.
841 3715 960 3778 ABCH
977 3717 1060 3778 Leid.
1078 3720 1170 3778 Voss.
1188 3721 1217 3776 1.
1236 3720 1266 3776 2.
1296 3723 1333 3778 Μ
1347 3730 1371 3778 et
1388 3721 1432 3796 D]

199 3803 243 3858 M.
261 3803 291 3860 d.
310 3801 390 3860 Flor.
408 3799 545 3860 EFGHI
567 3800 657 3860 Bam.
675 3801 712 3860 B.

284 3889 310 3960 ς.
330 3888 361 3943 7.
397 3895 487 3945 turrm
503 3888 688 3961 adntouaent]
707 3896 798 3944 turrea
815 3891 935 3963 ceperint
951 3891 1092 3949 admouere
1110 3891 1189 3950 Flor.
1202 3889 1275 3948 DFI
1293 3901 1322 3948 et
1338 3890 1430 3950 Pnil

199 3971 268 4046 (nisi
286 3972 362 4048 quod
374 3975 533 4047 coeperint),
551 3981 641 4030 turrea
659 3973 778 4047 ceperint
795 3975 937 4056 admoueat
960 3987 989 4034 ot
1002 3996 1066 4054 sup.
1081 3978 1132 4034 lin.
1151 3995 1181 4033 re
1199 3977 1268 4034 Flor
1293 3977 1328 4048 Ε,
1346 3986 1435 4033 turo-eo

197 4060 268 4133 cepit
284 4059 427 4116 admonent
445 4057 525 4116 Flor.
544 4057 575 4115 H
591 4058 681 4115 Bern.
699 4057 737 4131 Β,
754 4065 844 4116 turres
862 4065 948 4138 coepit
964 4063 1106 4120 adomim
1125 4061 1214 4120 Voss.
1234 4063 1263 4119 2.

284 4161 310 4234 s.
330 4145 361 4217 ¹8.
397 4161 539 4236 impedita]
559 4161 681 4236 inpedita
698 4159 786 4218 Bam.
803 4153 853 4236 A,
878 4162 985 4222 omittit
1001 4164 1082 4222 Mod.
1101 4165 1167 4222 edit.
1202 4164 1277 4240 erqo]
1301 4163 1436 4222 omittunt

199 4243 286 4303 Born.
305 4245 331 4302 B
350 4243 429 4302 Flor.
449 4245 591 4303 DEFHI.

285 4344 471 4424 cap.11‚s.
492 4351 542 4407 10.
582 4347 709 4424 Tauron]
733 4347 827 4407 Tauro
845 4349 932 4408 ch.
952 4351 989 4410 B.
1012 4352 1092 4411 Flor.
1110 4351 1242 4410 DEFHI
1259 4351 1323 4409 Pul.
1344 4354 1371 4408 1.

288 4434 314 4507 s.
335 4434 384 4490 11.
420 4435 459 4492 ad
476 4435 658 4512 moriundum)
677 4435 825 4494 admodum
849 4437 936 4496 Bern.
954 4438 991 4496 B.
1200 4521 1233 4570 ³6
