<?xml version="1.0" encoding="UTF-8"?>
<!DOCTYPE html PUBLIC "-//W3C//DTD XHTML 1.0 Transitional//EN"
    "http://www.w3.org/TR/xhtml1/DTD/xhtml1-transitional.dtd">
<html xmlns="http://www.w3.org/1999/xhtml" xml:lang="en" lang="en">
 <head>
  <title>
</title>
<meta http-equiv="Content-Type" content="text/html;charset=utf-8" />
  <meta name='ocr-system' content='tesseract 3.04.00' />
  <meta name='ocr-capabilities' content='ocr_page ocr_carea ocr_par ocr_line ocrx_word'/>
</head>
<body>
  <div class='ocr_page' id='page_1' title='image "./qcurtiirufidege03rufugoog_0062.png"; bbox 0 0 3260 5042; ppageno 0'>
   <div class='ocr_carea' id='block_1_1' title="bbox 526 287 1400 406">
    <p class='ocr_par' dir='ltr' id='par_1_1' title="bbox 526 287 1400 406">
     <span class='ocr_line' id='line_1_1' title="bbox 526 287 1400 406; baseline 0.005 -20"><span class='ocrx_word' id='word_1_1' title='bbox 526 337 576 386; x_wconf 86' lang='lat' dir='ltr'>nn</span> <span class='ocrx_word' id='word_1_2' title='bbox 602 307 730 390; x_wconf 77' lang='lat' dir='ltr'>casnm</span> <span class='ocrx_word' id='word_1_3' title='bbox 755 336 865 388; x_wconf 71' lang='lat' dir='ltr'>max.</span> <span class='ocrx_word' id='word_1_4' title='bbox 891 337 943 406; x_wconf 93' lang='lat' dir='ltr'>m,</span> <span class='ocrx_word' id='word_1_5' title='bbox 970 334 1012 383; x_wconf 79' lang='grc' dir='ltr'>ιι.</span> <span class='ocrx_word' id='word_1_6' title='bbox 1351 287 1400 390; x_wconf 67' lang='grc'>35</span> 
     </span>
    </p>
   </div>
   <div class='ocr_carea' id='block_1_2' title="bbox 100 515 1399 2149">
    <p class='ocr_par' dir='ltr' id='par_1_2' title="bbox 100 515 1399 2149">
     <span class='ocr_line' id='line_1_2' title="bbox 105 515 1398 618; baseline 0.003 -30"><span class='ocrx_word' id='word_1_7' title='bbox 105 537 137 588; x_wconf 85' lang='grc' dir='ltr'>ιι</span> <span class='ocrx_word' id='word_1_8' title='bbox 154 515 256 612; x_wconf 89' lang='lat' dir='ltr'>sequi</span> <span class='ocrx_word' id='word_1_9' title='bbox 287 517 506 594; x_wconf 75' lang='lat' dir='ltr'><strong>nuntiantes.</strong></span> <span class='ocrx_word' id='word_1_10' title='bbox 559 517 635 594; x_wconf 87' lang='lat' dir='ltr'>Vix</span> <span class='ocrx_word' id='word_1_11' title='bbox 666 516 757 592; x_wconf 90' lang='lat' dir='ltr'>fides</span> <span class='ocrx_word' id='word_1_12' title='bbox 782 516 993 588; x_wconf 79' lang='lat' dir='ltr'>habebatur.</span> <span class='ocrx_word' id='word_1_13' title='bbox 1046 515 1173 614; x_wconf 85' lang='lat' dir='ltr'>Itaque</span> <span class='ocrx_word' id='word_1_14' title='bbox 1200 520 1398 618; x_wconf 89' lang='lat' dir='ltr'>speculato·</span> 
     </span>
     <span class='ocr_line' id='line_1_3' title="bbox 153 623 1398 726; baseline 0.004 -28"><span class='ocrx_word' id='word_1_15' title='bbox 153 649 212 698; x_wconf 86' lang='lat' dir='ltr'>res</span> <span class='ocrx_word' id='word_1_16' title='bbox 238 625 276 700; x_wconf 95' lang='lat' dir='ltr'>in</span> <span class='ocrx_word' id='word_1_17' title='bbox 302 629 499 702; x_wconf 85' lang='lat' dir='ltr'>maritimas</span> <span class='ocrx_word' id='word_1_18' title='bbox 524 629 689 724; x_wconf 84' lang='lat' dir='ltr'><strong>regiones</strong></span> <span class='ocrx_word' id='word_1_19' title='bbox 715 623 931 722; x_wconf 87' lang='lat' dir='ltr'>praemissos</span> <span class='ocrx_word' id='word_1_20' title='bbox 963 625 1153 723; x_wconf 86' lang='lat' dir='ltr'>explorare</span> <span class='ocrx_word' id='word_1_21' title='bbox 1178 627 1294 718; x_wconf 90' lang='lat' dir='ltr'>iubet,</span> <span class='ocrx_word' id='word_1_22' title='bbox 1322 630 1398 726; x_wconf 91' lang='lat' dir='ltr'>ipse</span> 
     </span>
     <span class='ocr_line' id='line_1_4' title="bbox 153 734 1398 834; baseline 0.002 -26"><span class='ocrx_word' id='word_1_23' title='bbox 153 734 313 828; x_wconf 84' lang='lat' dir='ltr'>adesset,</span> <span class='ocrx_word' id='word_1_24' title='bbox 347 763 396 810; x_wconf 90' lang='lat' dir='ltr'>an</span> <span class='ocrx_word' id='word_1_25' title='bbox 422 737 687 834; x_wconf 76' lang='lat' dir='ltr'>praefectorum</span> <span class='ocrx_word' id='word_1_26' title='bbox 719 735 846 832; x_wconf 89' lang='lat' dir='ltr'>aliquis</span> <span class='ocrx_word' id='word_1_27' title='bbox 879 736 1035 834; x_wconf 90' lang='lat' dir='ltr'>speciem</span> <span class='ocrx_word' id='word_1_28' title='bbox 1065 735 1290 833; x_wconf 77' lang='lat' dir='ltr'>praebuisset</span> <span class='ocrx_word' id='word_1_29' title='bbox 1324 739 1398 810; x_wconf 89' lang='lat' dir='ltr'>uni-</span> 
     </span>
     <span class='ocr_line' id='line_1_5' title="bbox 105 841 1398 942; baseline -0.005 -19"><span class='ocrx_word' id='word_1_30' title='bbox 105 876 136 924; x_wconf 86' lang='lat' dir='ltr'>1s</span> <span class='ocrx_word' id='word_1_31' title='bbox 153 847 251 920; x_wconf 88' lang='lat' dir='ltr'>versi</span> <span class='ocrx_word' id='word_1_32' title='bbox 276 847 455 920; x_wconf 86' lang='lat' dir='ltr'>venientis</span> <span class='ocrx_word' id='word_1_33' title='bbox 482 845 671 918; x_wconf 86' lang='lat' dir='ltr'>exercitus.</span> <span class='ocrx_word' id='word_1_34' title='bbox 711 841 785 919; x_wconf 89' lang='lat' dir='ltr'>Sed</span> <span class='ocrx_word' id='word_1_35' title='bbox 810 869 892 916; x_wconf 94' lang='lat' dir='ltr'>cum</span> <span class='ocrx_word' id='word_1_36' title='bbox 918 847 1160 942; x_wconf 81' lang='lat' dir='ltr'>speculatores</span> <span class='ocrx_word' id='word_1_37' title='bbox 1177 857 1398 920; x_wconf 88' lang='lat' dir='ltr'>reverteren-</span> 
     </span>
     <span class='ocr_line' id='line_1_6' title="bbox 153 953 1399 1054; baseline -0.001 -24"><span class='ocrx_word' id='word_1_38' title='bbox 153 967 230 1046; x_wconf 86' lang='lat' dir='ltr'>tur,</span> <span class='ocrx_word' id='word_1_39' title='bbox 263 957 388 1052; x_wconf 90' lang='lat' dir='ltr'>procul</span> <span class='ocrx_word' id='word_1_40' title='bbox 421 955 547 1054; x_wconf 87' lang='lat' dir='ltr'>ingens</span> <span class='ocrx_word' id='word_1_41' title='bbox 579 953 773 1028; x_wconf 90' lang='lat' dir='ltr'>multitudo</span> <span class='ocrx_word' id='word_1_42' title='bbox 800 965 994 1050; x_wconf 86' lang='lat' dir='ltr'>conspecta</span> <span class='ocrx_word' id='word_1_43' title='bbox 1018 965 1084 1028; x_wconf 82' lang='lat' dir='ltr'>est.</span> <span class='ocrx_word' id='word_1_44' title='bbox 1136 953 1242 1052; x_wconf 83' lang='lat' dir='ltr'>Ignes</span> <span class='ocrx_word' id='word_1_45' title='bbox 1269 954 1399 1029; x_wconf 89' lang='lat' dir='ltr'>deinde</span> 
     </span>
     <span class='ocr_line' id='line_1_7' title="bbox 153 1062 1397 1161; baseline -0.002 -21"><span class='ocrx_word' id='word_1_46' title='bbox 153 1067 242 1140; x_wconf 88' lang='lat' dir='ltr'>totis</span> <span class='ocrx_word' id='word_1_47' title='bbox 268 1065 403 1161; x_wconf 89' lang='lat' dir='ltr'>campis</span> <span class='ocrx_word' id='word_1_48' title='bbox 430 1067 606 1139; x_wconf 86' lang='lat' dir='ltr'>collucere</span> <span class='ocrx_word' id='word_1_49' title='bbox 633 1074 839 1160; x_wconf 90' lang='lat' dir='ltr'>coeperunt,</span> <span class='ocrx_word' id='word_1_50' title='bbox 859 1064 1049 1161; x_wconf 85' lang='lat' dir='ltr'>omniaque</span> <span class='ocrx_word' id='word_1_51' title='bbox 1074 1062 1176 1137; x_wconf 88' lang='lat' dir='ltr'>velut</span> <span class='ocrx_word' id='word_1_52' title='bbox 1201 1065 1397 1138; x_wconf 90' lang='lat' dir='ltr'>continenti</span> 
     </span>
     <span class='ocr_line' id='line_1_8' title="bbox 151 1171 1399 1272; baseline 0 -26"><span class='ocrx_word' id='word_1_53' title='bbox 151 1171 318 1246; x_wconf 82' lang='lat' dir='ltr'>incendio</span> <span class='ocrx_word' id='word_1_54' title='bbox 344 1173 472 1248; x_wconf 89' lang='lat' dir='ltr'>ardere</span> <span class='ocrx_word' id='word_1_55' title='bbox 497 1174 592 1246; x_wconf 84' lang='lat' dir='ltr'>visa:</span> <span class='ocrx_word' id='word_1_56' title='bbox 619 1197 701 1246; x_wconf 87' lang='lat' dir='ltr'>cum</span> <span class='ocrx_word' id='word_1_57' title='bbox 725 1171 909 1246; x_wconf 87' lang='lat' dir='ltr'>incondita</span> <span class='ocrx_word' id='word_1_58' title='bbox 924 1172 1118 1247; x_wconf 91' lang='lat' dir='ltr'>multitudo</span> <span class='ocrx_word' id='word_1_59' title='bbox 1138 1174 1293 1247; x_wconf 86' lang='lat' dir='ltr'>maxime</span> <span class='ocrx_word' id='word_1_60' title='bbox 1319 1198 1399 1272; x_wconf 91' lang='lat' dir='ltr'>pro·</span> 
     </span>
     <span class='ocr_line' id='line_1_9' title="bbox 103 1281 1399 1381; baseline 0.005 -32"><span class='ocrx_word' id='word_1_61' title='bbox 103 1300 133 1349; x_wconf 79' lang='grc' dir='ltr'>ιι</span> <span class='ocrx_word' id='word_1_62' title='bbox 151 1293 235 1380; x_wconf 86' lang='lat' dir='ltr'>pter</span> <span class='ocrx_word' id='word_1_63' title='bbox 267 1284 428 1357; x_wconf 87' lang='lat' dir='ltr'>iumenta</span> <span class='ocrx_word' id='word_1_64' title='bbox 460 1283 579 1356; x_wconf 71' lang='lat' dir='ltr'>lanius</span> <span class='ocrx_word' id='word_1_65' title='bbox 613 1281 787 1358; x_wconf 81' lang='lat' dir='ltr'>tenderet.</span> <span class='ocrx_word' id='word_1_66' title='bbox 840 1281 966 1379; x_wconf 74' lang='lat' dir='ltr'>ltaque</span> <span class='ocrx_word' id='word_1_67' title='bbox 992 1307 1036 1358; x_wconf 89' lang='lat' dir='ltr'>eo</span> <span class='ocrx_word' id='word_1_68' title='bbox 1063 1284 1141 1381; x_wconf 89' lang='lat' dir='ltr'>ipso</span> <span class='ocrx_word' id='word_1_69' title='bbox 1167 1285 1246 1355; x_wconf 91' lang='lat' dir='ltr'>loco</span> <span class='ocrx_word' id='word_1_70' title='bbox 1271 1283 1399 1356; x_wconf 82' lang='lat' dir='ltr'>metari</span> 
     </span>
     <span class='ocr_line' id='line_1_10' title="bbox 150 1392 1398 1491; baseline -0.001 -26"><span class='ocrx_word' id='word_1_71' title='bbox 150 1417 239 1468; x_wconf 89' lang='lat' dir='ltr'>snos</span> <span class='ocrx_word' id='word_1_72' title='bbox 266 1404 386 1466; x_wconf 89' lang='lat' dir='ltr'>castra</span> <span class='ocrx_word' id='word_1_73' title='bbox 411 1394 575 1482; x_wconf 85' lang='lat' dir='ltr'>iusserat,</span> <span class='ocrx_word' id='word_1_74' title='bbox 601 1393 735 1484; x_wconf 87' lang='lat' dir='ltr'>laetus,</span> <span class='ocrx_word' id='word_1_75' title='bbox 762 1392 861 1490; x_wconf 91' lang='lat' dir='ltr'>quod</span> <span class='ocrx_word' id='word_1_76' title='bbox 886 1393 984 1466; x_wconf 89' lang='lat' dir='ltr'>omni</span> <span class='ocrx_word' id='word_1_77' title='bbox 1009 1393 1210 1491; x_wconf 87' lang='lat' dir='ltr'>expetierat</span> <span class='ocrx_word' id='word_1_78' title='bbox 1235 1405 1333 1482; x_wconf 88' lang='lat' dir='ltr'>voto,</span> <span class='ocrx_word' id='word_1_79' title='bbox 1359 1392 1398 1464; x_wconf 92' lang='lat' dir='ltr'>in</span> 
     </span>
     <span class='ocr_line' id='line_1_11' title="bbox 100 1499 1396 1600; baseline 0.003 -30"><span class='ocrx_word' id='word_1_80' title='bbox 100 1521 133 1570; x_wconf 86' lang='lat' dir='ltr'>so</span> <span class='ocrx_word' id='word_1_81' title='bbox 149 1503 221 1576; x_wconf 87' lang='lat' dir='ltr'>illis</span> <span class='ocrx_word' id='word_1_82' title='bbox 247 1501 474 1600; x_wconf 87' lang='lat' dir='ltr'>potissimum</span> <span class='ocrx_word' id='word_1_83' title='bbox 499 1504 676 1600; x_wconf 86' lang='lat' dir='ltr'>angustiis</span> <span class='ocrx_word' id='word_1_84' title='bbox 708 1499 974 1576; x_wconf 87' lang='lat' dir='ltr'>decernendum</span> <span class='ocrx_word' id='word_1_85' title='bbox 998 1503 1085 1576; x_wconf 88' lang='lat' dir='ltr'>fore.</span> <span class='ocrx_word' id='word_1_86' title='bbox 1139 1499 1321 1592; x_wconf 83' lang='lat' dir='ltr'>Ceterum,</span> <span class='ocrx_word' id='word_1_87' title='bbox 1353 1512 1396 1574; x_wconf 92' lang='lat' dir='ltr'>ut</span> 
     </span>
     <span class='ocr_line' id='line_1_12' title="bbox 149 1609 1399 1710; baseline -0.002 -24"><span class='ocrx_word' id='word_1_88' title='bbox 149 1614 247 1686; x_wconf 89' lang='lat' dir='ltr'>solet</span> <span class='ocrx_word' id='word_1_89' title='bbox 270 1611 366 1700; x_wconf 90' lang='lat' dir='ltr'>fieri,</span> <span class='ocrx_word' id='word_1_90' title='bbox 394 1637 476 1684; x_wconf 91' lang='lat' dir='ltr'>cum</span> <span class='ocrx_word' id='word_1_91' title='bbox 503 1613 618 1684; x_wconf 89' lang='lat' dir='ltr'>ultimi</span> <span class='ocrx_word' id='word_1_92' title='bbox 644 1611 855 1688; x_wconf 87' lang='lat' dir='ltr'>discriminis</span> <span class='ocrx_word' id='word_1_93' title='bbox 882 1622 1025 1710; x_wconf 88' lang='lat' dir='ltr'>tempus</span> <span class='ocrx_word' id='word_1_94' title='bbox 1051 1609 1240 1702; x_wconf 87' lang='lat' dir='ltr'>adventat,</span> <span class='ocrx_word' id='word_1_95' title='bbox 1267 1613 1304 1684; x_wconf 93' lang='lat' dir='ltr'>in</span> <span class='ocrx_word' id='word_1_96' title='bbox 1331 1611 1399 1686; x_wconf 91' lang='lat' dir='ltr'>sol·</span> 
     </span>
     <span class='ocr_line' id='line_1_13' title="bbox 148 1719 1399 1819; baseline -0.002 -25"><span class='ocrx_word' id='word_1_97' title='bbox 148 1719 374 1794; x_wconf 88' lang='lat' dir='ltr'>licitudinem</span> <span class='ocrx_word' id='word_1_98' title='bbox 405 1745 514 1795; x_wconf 88' lang='lat' dir='ltr'>versa</span> <span class='ocrx_word' id='word_1_99' title='bbox 543 1720 677 1796; x_wconf 90' lang='lat' dir='ltr'>fiducia</span> <span class='ocrx_word' id='word_1_100' title='bbox 707 1733 772 1796; x_wconf 87' lang='lat' dir='ltr'>est</span> <span class='ocrx_word' id='word_1_101' title='bbox 825 1721 928 1796; x_wconf 91' lang='lat' dir='ltr'>Illam</span> <span class='ocrx_word' id='word_1_102' title='bbox 954 1722 1070 1819; x_wconf 89' lang='lat' dir='ltr'>ipsam</span> <span class='ocrx_word' id='word_1_103' title='bbox 1094 1722 1291 1810; x_wconf 83' lang='lat' dir='ltr'>fortunam,</span> <span class='ocrx_word' id='word_1_104' title='bbox 1327 1745 1399 1816; x_wconf 90' lang='lat' dir='ltr'>qua</span> 
     </span>
     <span class='ocr_line' id='line_1_14' title="bbox 149 1831 1398 1930; baseline 0.002 -28"><span class='ocrx_word' id='word_1_105' title='bbox 149 1831 335 1928; x_wconf 86' lang='lat' dir='ltr'>aspirante</span> <span class='ocrx_word' id='word_1_106' title='bbox 361 1854 420 1904; x_wconf 89' lang='lat' dir='ltr'>res</span> <span class='ocrx_word' id='word_1_107' title='bbox 447 1843 522 1904; x_wconf 87' lang='lat' dir='ltr'>tam</span> <span class='ocrx_word' id='word_1_108' title='bbox 548 1856 721 1929; x_wconf 88' lang='lat' dir='ltr'>prospere</span> <span class='ocrx_word' id='word_1_109' title='bbox 745 1841 917 1930; x_wconf 85' lang='lat' dir='ltr'>gesserat,</span> <span class='ocrx_word' id='word_1_110' title='bbox 947 1831 1151 1922; x_wconf 83' lang='lat' dir='ltr'>verebatur,</span> <span class='ocrx_word' id='word_1_111' title='bbox 1176 1856 1244 1906; x_wconf 87' lang='lat' dir='ltr'>nec</span> <span class='ocrx_word' id='word_1_112' title='bbox 1269 1831 1398 1904; x_wconf 88' lang='lat' dir='ltr'>iniuria</span> 
     </span>
     <span class='ocr_line' id='line_1_15' title="bbox 149 1939 1397 2040; baseline -0.003 -24"><span class='ocrx_word' id='word_1_113' title='bbox 149 1965 200 2016; x_wconf 84' lang='lat' dir='ltr'>ex</span> <span class='ocrx_word' id='word_1_114' title='bbox 226 1940 299 2030; x_wconf 90' lang='lat' dir='ltr'>his,</span> <span class='ocrx_word' id='word_1_115' title='bbox 325 1965 419 2036; x_wconf 87' lang='lat' dir='ltr'>quae</span> <span class='ocrx_word' id='word_1_116' title='bbox 446 1941 631 2014; x_wconf 88' lang='lat' dir='ltr'>tribuisset</span> <span class='ocrx_word' id='word_1_117' title='bbox 657 1942 740 2032; x_wconf 88' lang='lat' dir='ltr'>sibi,</span> <span class='ocrx_word' id='word_1_118' title='bbox 768 1967 876 2040; x_wconf 90' lang='lat' dir='ltr'>quam</span> <span class='ocrx_word' id='word_1_119' title='bbox 901 1939 1083 2014; x_wconf 83' lang='lat' dir='ltr'>mutabilis</span> <span class='ocrx_word' id='word_1_120' title='bbox 1110 1950 1233 2030; x_wconf 87' lang='lat' dir='ltr'>esset,</span> <span class='ocrx_word' id='word_1_121' title='bbox 1255 1951 1397 2038; x_wconf 88' lang='lat' dir='ltr'>reputa·</span> 
     </span>
     <span class='ocr_line' id='line_1_16' title="bbox 148 2045 1397 2149; baseline -0.001 -27"><span class='ocrx_word' id='word_1_122' title='bbox 148 2049 233 2123; x_wconf 88' lang='lat' dir='ltr'>bat:</span> <span class='ocrx_word' id='word_1_123' title='bbox 267 2073 377 2122; x_wconf 89' lang='lat' dir='ltr'>unam</span> <span class='ocrx_word' id='word_1_124' title='bbox 403 2073 592 2148; x_wconf 88' lang='lat' dir='ltr'>superesse</span> <span class='ocrx_word' id='word_1_125' title='bbox 617 2062 778 2142; x_wconf 87' lang='lat' dir='ltr'>noctem,</span> <span class='ocrx_word' id='word_1_126' title='bbox 810 2075 903 2149; x_wconf 89' lang='lat' dir='ltr'>quae</span> <span class='ocrx_word' id='word_1_127' title='bbox 929 2047 1022 2123; x_wconf 88' lang='lat' dir='ltr'>tanti</span> <span class='ocrx_word' id='word_1_128' title='bbox 1047 2045 1257 2122; x_wconf 85' lang='lat' dir='ltr'>discriminis</span> <span class='ocrx_word' id='word_1_129' title='bbox 1284 2073 1397 2122; x_wconf 89' lang='lat' dir='ltr'>mora-</span> 
     </span>
    </p>
   </div>
   <div class='ocr_carea' id='block_1_3' title="bbox 147 2281 1398 2628">
    <p class='ocr_par' dir='ltr' id='par_1_3' title="bbox 147 2281 1398 2492">
     <span class='ocr_line' id='line_1_17' title="bbox 147 2281 1398 2356; baseline -0.005 -16"><span class='ocrx_word' id='word_1_130' title='bbox 147 2284 388 2352; x_wconf 79' lang='lat' dir='ltr'>videtnrcurtius,</span> <span class='ocrx_word' id='word_1_131' title='bbox 406 2284 558 2340; x_wconf 77' lang='lat' dir='ltr'>italocutcs</span> <span class='ocrx_word' id='word_1_132' title='bbox 575 2301 634 2340; x_wconf 89' lang='lat' dir='ltr'>esse</span> <span class='ocrx_word' id='word_1_133' title='bbox 648 2285 761 2340; x_wconf 80' lang='lat' dir='ltr'>invenio.</span> <span class='ocrx_word' id='word_1_134' title='bbox 795 2289 885 2356; x_wconf 71' lang='grc' dir='ltr'>ι’ριαιο</span> <span class='ocrx_word' id='word_1_135' title='bbox 902 2291 1006 2344; x_wconf 80' lang='lat' dir='ltr'>adesses</span> <span class='ocrx_word' id='word_1_136' title='bbox 1025 2306 1081 2345; x_wconf 89' lang='lat' dir='ltr'>non</span> <span class='ocrx_word' id='word_1_137' title='bbox 1103 2296 1145 2342; x_wconf 86' lang='lat' dir='ltr'>est</span> <span class='ocrx_word' id='word_1_138' title='bbox 1169 2284 1220 2342; x_wconf 76' lang='lat' dir='ltr'>nisi</span> <span class='ocrx_word' id='word_1_139' title='bbox 1241 2284 1268 2336; x_wconf 88' lang='lat' dir='ltr'>in</span> <span class='ocrx_word' id='word_1_140' title='bbox 1284 2282 1356 2335; x_wconf 86' lang='lat' dir='ltr'>Flor.</span> <span class='ocrx_word' id='word_1_141' title='bbox 1372 2281 1398 2334; x_wconf 85' lang='lat' dir='ltr'><strong>E</strong></span> 
     </span>
     <span class='ocr_line' id='line_1_18' title="bbox 148 2351 1398 2426; baseline -0.006 -17"><span class='ocrx_word' id='word_1_142' title='bbox 148 2353 214 2426; x_wconf 82' lang='lat' dir='ltr'>Ipse</span> <span class='ocrx_word' id='word_1_143' title='bbox 232 2355 350 2425; x_wconf 89' lang='lat' dir='ltr'>scriptor</span> <span class='ocrx_word' id='word_1_144' title='bbox 367 2362 458 2407; x_wconf 83' lang='lat' dir='ltr'>noster</span> <span class='ocrx_word' id='word_1_145' title='bbox 475 2353 519 2407; x_wconf 93' lang='lat' dir='ltr'>lib.</span> <span class='ocrx_word' id='word_1_146' title='bbox 528 2359 663 2420; x_wconf 78' lang='lat' dir='ltr'>1v,51,at</span> <span class='ocrx_word' id='word_1_147' title='bbox 681 2371 761 2408; x_wconf 85' lang='lat' dir='ltr'>cursu</span> <span class='ocrx_word' id='word_1_148' title='bbox 796 2373 877 2425; x_wconf 87' lang='lat' dir='ltr'>supra</span> <span class='ocrx_word' id='word_1_149' title='bbox 902 2357 1012 2426; x_wconf 79' lang='lat' dir='ltr'>lineam3</span> <span class='ocrx_word' id='word_1_150' title='bbox 1038 2357 1110 2412; x_wconf 80' lang='lat' dir='ltr'>Flos.</span> <span class='ocrx_word' id='word_1_151' title='bbox 1130 2354 1152 2410; x_wconf 79' lang='lat'><em>0</em></span> <span class='ocrx_word' id='word_1_152' title='bbox 1170 2365 1258 2408; x_wconf 78' lang='lat' dir='ltr'>utram</span> <span class='ocrx_word' id='word_1_153' title='bbox 1275 2351 1331 2420; x_wconf 85' lang='lat' dir='ltr'>ipse</span> <span class='ocrx_word' id='word_1_154' title='bbox 1348 2351 1398 2403; x_wconf 86' lang='lat' dir='ltr'>ud·</span> 
     </span>
     <span class='ocr_line' id='line_1_19' title="bbox 149 2421 869 2492; baseline 0.001 -17"><span class='ocrx_word' id='word_1_155' title='bbox 149 2427 576 2492; x_wconf 69' lang='lat' dir='ltr'>quammaximopoterut,v,26</span> <span class='ocrx_word' id='word_1_156' title='bbox 594 2421 653 2474; x_wconf 90' lang='lat' dir='ltr'>init.</span> <span class='ocrx_word' id='word_1_157' title='bbox 662 2432 760 2492; x_wconf 75' lang='lat' dir='ltr'>quaram</span> <span class='ocrx_word' id='word_1_158' title='bbox 795 2432 869 2476; x_wconf 82' lang='lat' dir='ltr'>esset.</span> 
     </span>
    </p>

    <p class='ocr_par' dir='ltr' id='par_1_4' title="bbox 147 2485 1397 2628">
     <span class='ocr_line' id='line_1_20' title="bbox 147 2485 1397 2564; baseline -0.003 -20"><span class='ocrx_word' id='word_1_159' title='bbox 147 2493 269 2544; x_wconf 72' lang='lat' dir='ltr'>naimo</span> <span class='ocrx_word' id='word_1_160' title='bbox 287 2495 357 2545; x_wconf 80' lang='lat' dir='ltr'>cultu</span> <span class='ocrx_word' id='word_1_161' title='bbox 377 2507 518 2560; x_wconf 83' lang='lat' dir='ltr'>possamus</span> <span class='ocrx_word' id='word_1_162' title='bbox 542 2491 682 2556; x_wconf 81' lang='lat' dir='ltr'>adamati,</span> <span class='ocrx_word' id='word_1_163' title='bbox 709 2505 760 2542; x_wconf 86' lang='lat' dir='ltr'>neo</span> <span class='ocrx_word' id='word_1_164' title='bbox 830 2493 853 2558; x_wconf 68' lang='grc' dir='ltr'>ς.</span> <span class='ocrx_word' id='word_1_165' title='bbox 872 2497 913 2544; x_wconf 84' lang='grc'>19.</span> <span class='ocrx_word' id='word_1_166' title='bbox 949 2491 1033 2545; x_wconf 83' lang='lat' dir='ltr'>laetus</span> <span class='ocrx_word' id='word_1_167' title='bbox 1054 2520 1091 2534; x_wconf 93' lang='lat'>-</span> <span class='ocrx_word' id='word_1_168' title='bbox 1115 2489 1303 2544; x_wconf 69' lang='lat' dir='ltr'>deremendum</span> <span class='ocrx_word' id='word_1_169' title='bbox 1319 2485 1397 2564; x_wconf 78' lang='lat' dir='ltr'>sore]</span> 
     </span>
     <span class='ocr_line' id='line_1_21' title="bbox 148 2555 1397 2628; baseline -0.004 -17"><span class='ocrx_word' id='word_1_170' title='bbox 148 2575 268 2627; x_wconf 79' lang='lat' dir='ltr'>nsquam</span> <span class='ocrx_word' id='word_1_171' title='bbox 294 2575 371 2628; x_wconf 71' lang='grc' dir='ltr'>φιαπι</span> <span class='ocrx_word' id='word_1_172' title='bbox 397 2559 511 2611; x_wconf 71' lang='lat' dir='ltr'>maxim</span> <span class='ocrx_word' id='word_1_173' title='bbox 528 2587 564 2599; x_wconf 87' lang='lat'>—</span> <span class='ocrx_word' id='word_1_174' title='bbox 585 2567 681 2626; x_wconf 80' lang='lat' dir='ltr'>petest.</span> <span class='ocrx_word' id='word_1_175' title='bbox 716 2555 760 2611; x_wconf 84' lang='lat' dir='ltr'>De</span> <span class='ocrx_word' id='word_1_176' title='bbox 857 2561 950 2612; x_wconf 71' lang='lat' dir='ltr'>etiarm</span> <span class='ocrx_word' id='word_1_177' title='bbox 974 2557 1093 2612; x_wconf 86' lang='lat' dir='ltr'>dedimus</span> <span class='ocrx_word' id='word_1_178' title='bbox 1110 2573 1145 2612; x_wconf 81' lang='lat' dir='ltr'>ex</span> <span class='ocrx_word' id='word_1_179' title='bbox 1161 2557 1282 2612; x_wconf 85' lang='lat' dir='ltr'>omnibus</span> <span class='ocrx_word' id='word_1_180' title='bbox 1299 2560 1397 2606; x_wconf 88' lang='lat' dir='ltr'>nostns</span> 
     </span>
    </p>
   </div>
   <div class='ocr_carea' id='block_1_4' title="bbox 148 2621 1501 2694">
    <p class='ocr_par' dir='ltr' id='par_1_5' title="bbox 148 2621 1501 2694">
     <span class='ocr_line' id='line_1_22' title="bbox 148 2621 1501 2694; baseline -0.007 -14"><span class='ocrx_word' id='word_1_181' title='bbox 148 2623 230 2680; x_wconf 77' lang='lat' dir='ltr'>Livio</span> <span class='ocrx_word' id='word_1_182' title='bbox 249 2625 309 2679; x_wconf 82' lang='lat' dir='ltr'>vide</span> <span class='ocrx_word' id='word_1_183' title='bbox 326 2625 411 2679; x_wconf 80' lang='lat' dir='ltr'>Drak.</span> <span class='ocrx_word' id='word_1_184' title='bbox 429 2626 464 2678; x_wconf 84' lang='lat' dir='ltr'>ad</span> <span class='ocrx_word' id='word_1_185' title='bbox 481 2625 526 2678; x_wconf 91' lang='lat' dir='ltr'>lib.</span> <span class='ocrx_word' id='word_1_186' title='bbox 538 2631 618 2692; x_wconf 80' lang='lat' dir='ltr'>vn,9</span> <span class='ocrx_word' id='word_1_187' title='bbox 638 2632 667 2678; x_wconf 85' lang='lat' dir='ltr'>et</span> <span class='ocrx_word' id='word_1_188' title='bbox 683 2638 758 2690; x_wconf 79' lang='lat' dir='ltr'>xus,</span> <span class='ocrx_word' id='word_1_189' title='bbox 846 2626 872 2678; x_wconf 91' lang='lat' dir='ltr'>d.</span> <span class='ocrx_word' id='word_1_190' title='bbox 890 2634 920 2680; x_wconf 86' lang='lat' dir='ltr'>et</span> <span class='ocrx_word' id='word_1_191' title='bbox 936 2625 1012 2680; x_wconf 79' lang='lat' dir='ltr'>leid</span> <span class='ocrx_word' id='word_1_192' title='bbox 1029 2627 1106 2680; x_wconf 88' lang='lat' dir='ltr'>Voss.</span> <span class='ocrx_word' id='word_1_193' title='bbox 1126 2633 1138 2678; x_wconf 95' lang='lat'>1</span> <span class='ocrx_word' id='word_1_194' title='bbox 1159 2642 1208 2694; x_wconf 89' lang='lat' dir='ltr'>pro</span> <span class='ocrx_word' id='word_1_195' title='bbox 1231 2621 1303 2690; x_wconf 79' lang='lat' dir='ltr'>vulg.</span> <span class='ocrx_word' id='word_1_196' title='bbox 1321 2637 1397 2688; x_wconf 77' lang='lat' dir='ltr'>espe-</span> <span class='ocrx_word' id='word_1_197' title='bbox 1494 2648 1501 2656; x_wconf 94' lang='lat'>·</span> 
     </span>
    </p>
   </div>
   <div class='ocr_carea' id='block_1_5' title="bbox 143 2687 1399 3084">
    <p class='ocr_par' dir='ltr' id='par_1_6' title="bbox 143 2687 1399 3084">
     <span class='ocr_line' id='line_1_23' title="bbox 150 2687 1396 2774; baseline -0.006 -27"><span class='ocrx_word' id='word_1_198' title='bbox 150 2699 193 2747; x_wconf 81' lang='lat'>15.</span> <span class='ocrx_word' id='word_1_199' title='bbox 232 2691 337 2747; x_wconf 84' lang='lat' dir='ltr'>Contra</span> <span class='ocrx_word' id='word_1_200' title='bbox 355 2693 455 2748; x_wconf 83' lang='lat' dir='ltr'>Caesar</span> <span class='ocrx_word' id='word_1_201' title='bbox 471 2701 500 2746; x_wconf 89' lang='lat' dir='ltr'>et</span> <span class='ocrx_word' id='word_1_202' title='bbox 518 2691 659 2746; x_wconf 81' lang='lat' dir='ltr'>Sallustius</span> <span class='ocrx_word' id='word_1_203' title='bbox 682 2709 760 2760; x_wconf 82' lang='lat' dir='ltr'>quem</span> <span class='ocrx_word' id='word_1_204' title='bbox 795 2695 898 2761; x_wconf 76' lang='lat' dir='ltr'>siverat,</span> <span class='ocrx_word' id='word_1_205' title='bbox 917 2695 989 2774; x_wconf 77' lang='lat' dir='ltr'>quod</span> <span class='ocrx_word' id='word_1_206' title='bbox 1007 2694 1034 2746; x_wconf 88' lang='lat' dir='ltr'>in</span> <span class='ocrx_word' id='word_1_207' title='bbox 1051 2711 1105 2747; x_wconf 90' lang='lat' dir='ltr'>uno</span> <span class='ocrx_word' id='word_1_208' title='bbox 1121 2691 1228 2746; x_wconf 78' lang='lat' dir='ltr'>FlenD</span> <span class='ocrx_word' id='word_1_209' title='bbox 1247 2697 1276 2742; x_wconf 89' lang='lat' dir='ltr'>et</span> <span class='ocrx_word' id='word_1_210' title='bbox 1293 2687 1396 2740; x_wconf 64' lang='lat' dir='ltr'>voest</span> 
     </span>
     <span class='ocr_line' id='line_1_24' title="bbox 148 2755 1399 2834; baseline -0.006 -19"><span class='ocrx_word' id='word_1_211' title='bbox 148 2771 285 2830; x_wconf 77' lang='lat' dir='ltr'>—potest</span> <span class='ocrx_word' id='word_1_212' title='bbox 304 2779 365 2815; x_wconf 87' lang='lat' dir='ltr'>cum</span> <span class='ocrx_word' id='word_1_213' title='bbox 382 2760 574 2814; x_wconf 78' lang='lat' dir='ltr'>adiectivomm</span> <span class='ocrx_word' id='word_1_214' title='bbox 591 2759 761 2830; x_wconf 81' lang='lat' dir='ltr'>superlativis</span> <span class='ocrx_word' id='word_1_215' title='bbox 796 2760 902 2830; x_wconf 85' lang='lat' dir='ltr'>legitur,</span> <span class='ocrx_word' id='word_1_216' title='bbox 921 2771 960 2814; x_wconf 81' lang='lat' dir='ltr'>ita</span> <span class='ocrx_word' id='word_1_217' title='bbox 977 2761 1084 2831; x_wconf 86' lang='lat' dir='ltr'>quidem</span> <span class='ocrx_word' id='word_1_218' title='bbox 1100 2769 1132 2814; x_wconf 87' lang='lat' dir='ltr'>ut</span> <span class='ocrx_word' id='word_1_219' title='bbox 1148 2760 1177 2814; x_wconf 90' lang='lat' dir='ltr'>in</span> <span class='ocrx_word' id='word_1_220' title='bbox 1189 2759 1229 2812; x_wconf 82' lang='lat' dir='ltr'>bis</span> <span class='ocrx_word' id='word_1_221' title='bbox 1242 2755 1319 2810; x_wconf 84' lang='lat' dir='ltr'>simul</span> <span class='ocrx_word' id='word_1_222' title='bbox 1328 2756 1399 2834; x_wconf 60' lang='lat' dir='ltr'>ornas·</span> 
     </span>
     <span class='ocr_line' id='line_1_25' title="bbox 150 2825 1399 2898; baseline -0.008 -14"><span class='ocrx_word' id='word_1_223' title='bbox 150 2829 335 2898; x_wconf 79' lang='lat' dir='ltr'>coniungunt:</span> <span class='ocrx_word' id='word_1_224' title='bbox 351 2829 395 2882; x_wconf 87' lang='lat' dir='ltr'>ille</span> <span class='ocrx_word' id='word_1_225' title='bbox 408 2829 435 2881; x_wconf 88' lang='lat' dir='ltr'>b.</span> <span class='ocrx_word' id='word_1_226' title='bbox 444 2827 478 2882; x_wconf 88' lang='lat' dir='ltr'>G.</span> <span class='ocrx_word' id='word_1_227' title='bbox 490 2837 514 2896; x_wconf 91' lang='lat'>1,</span> <span class='ocrx_word' id='word_1_228' title='bbox 524 2835 539 2882; x_wconf 80' lang='grc'><strong>6</strong></span> <span class='ocrx_word' id='word_1_229' title='bbox 549 2845 627 2898; x_wconf 66' lang='lat' dir='ltr'>queem</span> <span class='ocrx_word' id='word_1_230' title='bbox 637 2830 760 2882; x_wconf 59' lang='lat' dir='ltr'>mummia</span> <span class='ocrx_word' id='word_1_231' title='bbox 796 2839 851 2882; x_wconf 80' lang='lat' dir='ltr'>voto</span> <span class='ocrx_word' id='word_1_232' title='bbox 870 2840 961 2897; x_wconf 70' lang='lat' dir='ltr'>expet,</span> <span class='ocrx_word' id='word_1_233' title='bbox 979 2829 1031 2883; x_wconf 90' lang='lat' dir='ltr'>alio</span> <span class='ocrx_word' id='word_1_234' title='bbox 1047 2829 1188 2882; x_wconf 74' lang='lat' dir='ltr'>verbenam</span> <span class='ocrx_word' id='word_1_235' title='bbox 1204 2825 1309 2888; x_wconf 84' lang='lat' dir='ltr'>ordine,</span> <span class='ocrx_word' id='word_1_236' title='bbox 1328 2829 1399 2876; x_wconf 79' lang='lat' dir='ltr'>sicut</span> 
     </span>
     <span class='ocr_line' id='line_1_26' title="bbox 143 2889 1399 2968; baseline -0.004 -18"><span class='ocrx_word' id='word_1_237' title='bbox 143 2907 236 2966; x_wconf 73' lang='lat' dir='ltr'>pereas</span> <span class='ocrx_word' id='word_1_238' title='bbox 247 2899 385 2950; x_wconf 75' lang='lat' dir='ltr'>itineribus</span> <span class='ocrx_word' id='word_1_239' title='bbox 395 2897 443 2964; x_wconf 85' lang='lat' dir='ltr'>(ed</span> <span class='ocrx_word' id='word_1_240' title='bbox 452 2913 531 2966; x_wconf 89' lang='lat' dir='ltr'>quem</span> <span class='ocrx_word' id='word_1_241' title='bbox 540 2895 626 2950; x_wconf 86' lang='lat' dir='ltr'>locum</span> <span class='ocrx_word' id='word_1_242' title='bbox 644 2895 705 2948; x_wconf 85' lang='lat' dir='ltr'>vide</span> <span class='ocrx_word' id='word_1_243' title='bbox 722 2895 762 2949; x_wconf 90' lang='lat' dir='ltr'>in·</span> <span class='ocrx_word' id='word_1_244' title='bbox 796 2896 824 2949; x_wconf 91' lang='lat' dir='ltr'>in</span> <span class='ocrx_word' id='word_1_245' title='bbox 841 2896 912 2949; x_wconf 83' lang='lat' dir='ltr'>Flor.</span> <span class='ocrx_word' id='word_1_246' title='bbox 930 2895 1009 2950; x_wconf 81' lang='lat' dir='ltr'>EFI</span> <span class='ocrx_word' id='word_1_247' title='bbox 1026 2896 1140 2968; x_wconf 76' lang='lat' dir='ltr'>legebar,</span> <span class='ocrx_word' id='word_1_248' title='bbox 1159 2911 1219 2948; x_wconf 91' lang='lat' dir='ltr'>cum</span> <span class='ocrx_word' id='word_1_249' title='bbox 1236 2893 1263 2946; x_wconf 94' lang='lat' dir='ltr'>in</span> <span class='ocrx_word' id='word_1_250' title='bbox 1280 2891 1351 2944; x_wconf 80' lang='lat' dir='ltr'>Flcr.</span> <span class='ocrx_word' id='word_1_251' title='bbox 1368 2889 1399 2945; x_wconf 87' lang='lat' dir='ltr'>H</span> 
     </span>
     <span class='ocr_line' id='line_1_27' title="bbox 148 2959 1399 3084; baseline -0.005 -66"><span class='ocrx_word' id='word_1_252' title='bbox 148 2967 263 3034; x_wconf 65' lang='lat' dir='ltr'>arpa),</span> <span class='ocrx_word' id='word_1_253' title='bbox 281 2981 361 3034; x_wconf 77' lang='lat' dir='ltr'>saepe</span> <span class='ocrx_word' id='word_1_254' title='bbox 368 2981 449 3017; x_wconf 80' lang='lat' dir='ltr'>naues</span> <span class='ocrx_word' id='word_1_255' title='bbox 458 2981 537 3043; x_wconf 64' lang='lat' dir='ltr'>punga</span> <span class='ocrx_word' id='word_1_256' title='bbox 548 2966 684 3034; x_wconf 63' lang='lat' dir='ltr'>plurimus</span> <span class='ocrx_word' id='word_1_257' title='bbox 696 2981 762 3084; x_wconf 79' lang='lat' dir='ltr'>pos·</span> <span class='ocrx_word' id='word_1_258' title='bbox 796 2963 910 3016; x_wconf 81' lang='lat' dir='ltr'>Bernss</span> <span class='ocrx_word' id='word_1_259' title='bbox 921 2965 1078 3018; x_wconf 76' lang='lat' dir='ltr'>sitomm&#39;wn</span> <span class='ocrx_word' id='word_1_260' title='bbox 1086 2975 1142 3018; x_wconf 83' lang='lat' dir='ltr'>ueto</span> <span class='ocrx_word' id='word_1_261' title='bbox 1152 2964 1301 3032; x_wconf 76' lang='lat' dir='ltr'>expetierat.</span> <span class='ocrx_word' id='word_1_262' title='bbox 1327 2959 1399 3012; x_wconf 87' lang='lat' dir='ltr'>Fore</span> 
     </span>
    </p>
   </div>
   <div class='ocr_carea' id='block_1_6' title="bbox 149 3025 1398 3101">
    <p class='ocr_par' dir='ltr' id='par_1_7' title="bbox 149 3025 1398 3101">
     <span class='ocr_line' id='line_1_28' title="bbox 149 3025 1398 3101; baseline -0.006 -15"><span class='ocrx_word' id='word_1_263' title='bbox 149 3043 209 3086; x_wconf 80' lang='lat' dir='ltr'>sent</span> <span class='ocrx_word' id='word_1_264' title='bbox 224 3050 381 3101; x_wconf 80' lang='lat' dir='ltr'>comparere</span> <span class='ocrx_word' id='word_1_265' title='bbox 398 3040 428 3085; x_wconf 85' lang='lat' dir='ltr'>et</span> <span class='ocrx_word' id='word_1_266' title='bbox 445 3031 552 3098; x_wconf 81' lang='lat' dir='ltr'>simiba;</span> <span class='ocrx_word' id='word_1_267' title='bbox 575 3029 685 3085; x_wconf 84' lang='lat' dir='ltr'>Sallust.</span> <span class='ocrx_word' id='word_1_268' title='bbox 950 3031 1049 3086; x_wconf 88' lang='lat' dir='ltr'>lurimis</span> <span class='ocrx_word' id='word_1_269' title='bbox 1074 3039 1180 3085; x_wconf 81' lang='lat' dir='ltr'>tantum</span> <span class='ocrx_word' id='word_1_270' title='bbox 1206 3029 1282 3083; x_wconf 88' lang='lat' dir='ltr'>codd.</span> <span class='ocrx_word' id='word_1_271' title='bbox 1300 3026 1347 3080; x_wconf 85' lang='lat' dir='ltr'>sed</span> <span class='ocrx_word' id='word_1_272' title='bbox 1369 3025 1398 3080; x_wconf 88' lang='lat' dir='ltr'>in</span> 
     </span>
    </p>
   </div>
   <div class='ocr_carea' id='block_1_7' title="bbox 718 3032 905 3100">
    <p class='ocr_par' dir='ltr' id='par_1_8' title="bbox 718 3032 905 3100">
     <span class='ocr_line' id='line_1_29' title="bbox 718 3032 905 3100; baseline 0 -16"><span class='ocrx_word' id='word_1_273' title='bbox 718 3049 762 3100; x_wconf 85' lang='lat' dir='ltr'>ug.</span> <span class='ocrx_word' id='word_1_274' title='bbox 797 3049 851 3085; x_wconf 91' lang='lat' dir='ltr'>non</span> <span class='ocrx_word' id='word_1_275' title='bbox 877 3032 905 3084; x_wconf 91' lang='lat' dir='ltr'>in</span> 
     </span>
    </p>
   </div>
   <div class='ocr_carea' id='block_1_8' title="bbox 151 3049 1399 3222">
    <p class='ocr_par' dir='ltr' id='par_1_9' title="bbox 151 3049 1399 3222">
     <span class='ocr_line' id='line_1_30' title="bbox 151 3049 1399 3222; baseline -0.006 -69"><span class='ocrx_word' id='word_1_276' title='bbox 151 3107 193 3154; x_wconf 74' lang='lat'>1³.</span> <span class='ocrx_word' id='word_1_277' title='bbox 204 3101 340 3169; x_wconf 68' lang='lat' dir='ltr'>lapsante</span> <span class='ocrx_word' id='word_1_278' title='bbox 385 3117 428 3152; x_wconf 84' lang='lat' dir='ltr'>um</span> <span class='ocrx_word' id='word_1_279' title='bbox 437 3101 684 3167; x_wconf 79' lang='lat' dir='ltr'>maximespotestc</span> <span class='ocrx_word' id='word_1_280' title='bbox 718 3101 760 3152; x_wconf 83' lang='lat' dir='ltr'>ias</span> <span class='ocrx_word' id='word_1_281' title='bbox 795 3099 915 3153; x_wconf 89' lang='lat' dir='ltr'>omnibus</span> <span class='ocrx_word' id='word_1_282' title='bbox 929 3049 1038 3222; x_wconf 50' lang='lat' dir='ltr'>iffa*</span> <span class='ocrx_word' id='word_1_283' title='bbox 1071 3099 1137 3164; x_wconf 85' lang='lat' dir='ltr'>Quis</span> <span class='ocrx_word' id='word_1_284' title='bbox 1155 3098 1236 3168; x_wconf 85' lang='lat' dir='ltr'>igitur</span> <span class='ocrx_word' id='word_1_285' title='bbox 1252 3113 1326 3149; x_wconf 88' lang='lat' dir='ltr'>error</span> <span class='ocrx_word' id='word_1_286' title='bbox 1342 3092 1399 3146; x_wconf 83' lang='lat' dir='ltr'>edi·</span> 
     </span>
    </p>
   </div>
   <div class='ocr_carea' id='block_1_9' title="bbox 148 3161 1399 4460">
    <p class='ocr_par' dir='ltr' id='par_1_10' title="bbox 148 3161 1399 4460">
     <span class='ocr_line' id='line_1_31' title="bbox 149 3161 1397 3247; baseline -0.006 -27"><span class='ocrx_word' id='word_1_287' title='bbox 149 3179 251 3221; x_wconf 66' lang='lat' dir='ltr'>cemus.</span> <span class='ocrx_word' id='word_1_288' title='bbox 268 3169 351 3237; x_wconf 81' lang='lat' dir='ltr'>Apud</span> <span class='ocrx_word' id='word_1_289' title='bbox 383 3166 631 3220; x_wconf 86' lang='lat' dir='ltr'>sendo-ciceronem</span> <span class='ocrx_word' id='word_1_290' title='bbox 646 3185 673 3247; x_wconf 85' lang='lat' dir='ltr'>p.</span> <span class='ocrx_word' id='word_1_291' title='bbox 700 3184 761 3220; x_wconf 88' lang='lat' dir='ltr'>omo</span> <span class='ocrx_word' id='word_1_292' title='bbox 796 3177 868 3220; x_wconf 81' lang='lat' dir='ltr'>tores</span> <span class='ocrx_word' id='word_1_293' title='bbox 893 3167 941 3236; x_wconf 90' lang='lat' dir='ltr'>(M</span> <span class='ocrx_word' id='word_1_294' title='bbox 988 3185 1032 3220; x_wconf 91' lang='lat' dir='ltr'>um</span> <span class='ocrx_word' id='word_1_295' title='bbox 1048 3165 1154 3236; x_wconf 85' lang='lat' dir='ltr'>excipio</span> <span class='ocrx_word' id='word_1_296' title='bbox 1171 3174 1200 3219; x_wconf 86' lang='lat' dir='ltr'>et</span> <span class='ocrx_word' id='word_1_297' title='bbox 1216 3161 1397 3242; x_wconf 82' lang='lat' dir='ltr'>nuperrimum</span> 
     </span>
     <span class='ocr_line' id='line_1_32' title="bbox 149 3228 1398 3301; baseline -0.007 -11"><span class='ocrx_word' id='word_1_298' title='bbox 149 3243 183 3290; x_wconf 77' lang='lat'>³6</span> <span class='ocrx_word' id='word_1_299' title='bbox 330 3253 402 3289; x_wconf 80' lang='lat' dir='ltr'>asam</span> <span class='ocrx_word' id='word_1_300' title='bbox 418 3237 536 3288; x_wconf 72' lang='lat' dir='ltr'>murima</span> <span class='ocrx_word' id='word_1_301' title='bbox 554 3252 613 3288; x_wconf 84' lang='lat' dir='ltr'>voce</span> <span class='ocrx_word' id='word_1_302' title='bbox 629 3237 697 3300; x_wconf 79' lang='lat' dir='ltr'>daco,</span> <span class='ocrx_word' id='word_1_303' title='bbox 715 3234 761 3288; x_wconf 92' lang='lat' dir='ltr'>ubi</span> <span class='ocrx_word' id='word_1_304' title='bbox 796 3234 1097 3301; x_wconf 80' lang='lat' dir='ltr'>Schmiedentm)movit</span> <span class='ocrx_word' id='word_1_305' title='bbox 1110 3243 1141 3286; x_wconf 89' lang='lat' dir='ltr'>ut</span> <span class='ocrx_word' id='word_1_306' title='bbox 1159 3250 1214 3286; x_wconf 82' lang='lat' dir='ltr'>esse</span> <span class='ocrx_word' id='word_1_307' title='bbox 1232 3228 1398 3286; x_wconf 78' lang='lat' dir='ltr'>scriberent?</span> 
     </span>
     <span class='ocr_line' id='line_1_33' title="bbox 150 3253 1398 3372; baseline -0.006 -15"><span class='ocrx_word' id='word_1_308' title='bbox 150 3253 417 3357; x_wconf 55' lang='lat' dir='ltr'>codiucbmssbmim</span> <span class='ocrx_word' id='word_1_309' title='bbox 440 3302 582 3356; x_wconf 88' lang='lat' dir='ltr'>lectionem</span> <span class='ocrx_word' id='word_1_310' title='bbox 605 3319 657 3372; x_wconf 79' lang='lat' dir='ltr'>qua</span> <span class='ocrx_word' id='word_1_311' title='bbox 676 3301 761 3356; x_wconf 85' lang='lat' dir='ltr'>Gara·</span> <span class='ocrx_word' id='word_1_312' title='bbox 796 3301 868 3356; x_wconf 87' lang='lat' dir='ltr'>Num</span> <span class='ocrx_word' id='word_1_313' title='bbox 886 3303 1076 3356; x_wconf 85' lang='lat' dir='ltr'>dubitaverunt</span> <span class='ocrx_word' id='word_1_314' title='bbox 1094 3299 1158 3372; x_wconf 91' lang='lat' dir='ltr'>quin</span> <span class='ocrx_word' id='word_1_315' title='bbox 1175 3300 1213 3353; x_wconf 89' lang='lat' dir='ltr'>sic</span> <span class='ocrx_word' id='word_1_316' title='bbox 1231 3297 1326 3352; x_wconf 85' lang='lat' dir='ltr'>Latine</span> <span class='ocrx_word' id='word_1_317' title='bbox 1344 3295 1398 3350; x_wconf 88' lang='lat' dir='ltr'>dici</span> 
     </span>
     <span class='ocr_line' id='line_1_34' title="bbox 149 3367 1397 3441; baseline -0.006 -17"><span class='ocrx_word' id='word_1_318' title='bbox 149 3373 242 3425; x_wconf 82' lang='lat' dir='ltr'>tonius</span> <span class='ocrx_word' id='word_1_319' title='bbox 261 3389 316 3424; x_wconf 88' lang='lat' dir='ltr'>non</span> <span class='ocrx_word' id='word_1_320' title='bbox 326 3371 547 3424; x_wconf 63' lang='lat' dir='ltr'>rontemrbndam</span> <span class='ocrx_word' id='word_1_321' title='bbox 555 3369 631 3436; x_wconf 88' lang='lat' dir='ltr'>dicit,</span> <span class='ocrx_word' id='word_1_322' title='bbox 650 3371 762 3425; x_wconf 85' lang='lat' dir='ltr'>sortasse</span> <span class='ocrx_word' id='word_1_323' title='bbox 796 3371 897 3441; x_wconf 81' lang='lat' dir='ltr'>possit?</span> <span class='ocrx_word' id='word_1_324' title='bbox 916 3373 955 3424; x_wconf 83' lang='lat' dir='ltr'>At</span> <span class='ocrx_word' id='word_1_325' title='bbox 971 3371 1032 3424; x_wconf 84' lang='lat' dir='ltr'>vide</span> <span class='ocrx_word' id='word_1_326' title='bbox 1048 3369 1107 3423; x_wconf 83' lang='lat' dir='ltr'>Liv.</span> <span class='ocrx_word' id='word_1_327' title='bbox 1126 3374 1282 3434; x_wconf 71' lang='lat' dir='ltr'>mvmttl</span> <span class='ocrx_word' id='word_1_328' title='bbox 1301 3367 1397 3418; x_wconf 77' lang='lat' dir='ltr'>milites</span> 
     </span>
     <span class='ocr_line' id='line_1_35' title="bbox 234 3433 1398 3508; baseline -0.006 -16"><span class='ocrx_word' id='word_1_329' title='bbox 234 3457 264 3504; x_wconf 83' lang='lat' dir='ltr'>a,</span> <span class='ocrx_word' id='word_1_330' title='bbox 287 3439 309 3491; x_wconf 86' lang='lat' dir='ltr'>si</span> <span class='ocrx_word' id='word_1_331' title='bbox 352 3439 397 3490; x_wconf 89' lang='lat' dir='ltr'>uid</span> <span class='ocrx_word' id='word_1_332' title='bbox 424 3437 536 3508; x_wconf 82' lang='lat' dir='ltr'>periculi</span> <span class='ocrx_word' id='word_1_333' title='bbox 553 3437 582 3490; x_wconf 91' lang='lat' dir='ltr'>in</span> <span class='ocrx_word' id='word_1_334' title='bbox 604 3437 649 3490; x_wconf 80' lang='lat' dir='ltr'>vili</span> <span class='ocrx_word' id='word_1_335' title='bbox 673 3438 762 3507; x_wconf 88' lang='lat' dir='ltr'>capite</span> <span class='ocrx_word' id='word_1_336' title='bbox 797 3441 973 3507; x_wconf 74' lang='lat' dir='ltr'>subpallidus</span> <span class='ocrx_word' id='word_1_337' title='bbox 991 3439 1196 3506; x_wconf 76' lang='lat' dir='ltr'>habendossore</span> <span class='ocrx_word' id='word_1_338' title='bbox 1210 3433 1398 3504; x_wconf 87' lang='lat' dir='ltr'>(quemlocum</span> 
     </span>
     <span class='ocr_line' id='line_1_36' title="bbox 148 3451 1397 3576; baseline -0.006 -16"><span class='ocrx_word' id='word_1_339' title='bbox 148 3451 261 3560; x_wconf 53' lang='lat' dir='ltr'>wad</span> <span class='ocrx_word' id='word_1_340' title='bbox 304 3546 313 3558; x_wconf 86' lang='lat'>.</span> <span class='ocrx_word' id='word_1_341' title='bbox 377 3505 591 3558; x_wconf 80' lang='lat' dir='ltr'>&#39;ctiLDeclsm</span> <span class='ocrx_word' id='word_1_342' title='bbox 605 3513 655 3560; x_wconf 78' lang='grc'>323</span> <span class='ocrx_word' id='word_1_343' title='bbox 675 3505 759 3559; x_wconf 86' lang='lat' dir='ltr'>Serm.</span> <span class='ocrx_word' id='word_1_344' title='bbox 794 3504 822 3558; x_wconf 93' lang='lat' dir='ltr'>in</span> <span class='ocrx_word' id='word_1_345' title='bbox 839 3504 1014 3576; x_wconf 79' lang='lat' dir='ltr'>grammatica</span> <span class='ocrx_word' id='word_1_346' title='bbox 1036 3509 1059 3574; x_wconf 67' lang='grc' dir='ltr'>ξ.</span> <span class='ocrx_word' id='word_1_347' title='bbox 1077 3511 1127 3560; x_wconf 77' lang='grc'>596</span> <span class='ocrx_word' id='word_1_348' title='bbox 1145 3502 1264 3572; x_wconf 83' lang='lat' dir='ltr'>laudavi)</span> <span class='ocrx_word' id='word_1_349' title='bbox 1282 3509 1311 3555; x_wconf 89' lang='lat' dir='ltr'>et</span> <span class='ocrx_word' id='word_1_350' title='bbox 1329 3501 1397 3556; x_wconf 84' lang='lat' dir='ltr'>Cur-</span> 
     </span>
     <span class='ocr_line' id='line_1_37' title="bbox 149 3571 1397 3654; baseline -0.006 -27"><span class='ocrx_word' id='word_1_351' title='bbox 149 3591 231 3654; x_wconf 67' lang='lat' dir='ltr'>paean</span> <span class='ocrx_word' id='word_1_352' title='bbox 249 3583 337 3643; x_wconf 81' lang='lat' dir='ltr'>potest</span> <span class='ocrx_word' id='word_1_353' title='bbox 359 3575 477 3627; x_wconf 76' lang='lat' dir='ltr'>mxima</span> <span class='ocrx_word' id='word_1_354' title='bbox 499 3575 626 3644; x_wconf 76' lang='lat' dir='ltr'>relips&#39;eae</span> <span class='ocrx_word' id='word_1_355' title='bbox 644 3575 760 3628; x_wconf 77' lang='lat' dir='ltr'>iadicem</span> <span class='ocrx_word' id='word_1_356' title='bbox 795 3573 862 3628; x_wconf 90' lang='lat' dir='ltr'>tium</span> <span class='ocrx_word' id='word_1_357' title='bbox 887 3573 974 3644; x_wconf 87' lang='lat' dir='ltr'>ipsum</span> <span class='ocrx_word' id='word_1_358' title='bbox 999 3590 1080 3643; x_wconf 85' lang='lat' dir='ltr'>supra</span> <span class='ocrx_word' id='word_1_359' title='bbox 1106 3589 1130 3626; x_wconf 88' lang='lat' dir='ltr'>c.</span> <span class='ocrx_word' id='word_1_360' title='bbox 1155 3579 1185 3624; x_wconf 76' lang='lat'>17</span> <span class='ocrx_word' id='word_1_361' title='bbox 1213 3581 1299 3623; x_wconf 79' lang='lat' dir='ltr'>utram</span> <span class='ocrx_word' id='word_1_362' title='bbox 1325 3571 1397 3622; x_wconf 82' lang='lat' dir='ltr'>altra</span> 
     </span>
     <span class='ocr_line' id='line_1_38' title="bbox 148 3638 1397 3712; baseline -0.005 -16"><span class='ocrx_word' id='word_1_363' title='bbox 148 3645 303 3712; x_wconf 75' lang='lat' dir='ltr'>msplesdus</span> <span class='ocrx_word' id='word_1_364' title='bbox 320 3643 426 3695; x_wconf 72' lang='lat' dir='ltr'>animare</span> <span class='ocrx_word' id='word_1_365' title='bbox 444 3651 491 3695; x_wconf 83' lang='lat' dir='ltr'>est.</span> <span class='ocrx_word' id='word_1_366' title='bbox 789 3645 1014 3712; x_wconf 74' lang='lat' dir='ltr'>proptedieadum</span> <span class='ocrx_word' id='word_1_367' title='bbox 1021 3644 1106 3710; x_wconf 78' lang='lat' dir='ltr'>seret,</span> <span class='ocrx_word' id='word_1_368' title='bbox 1125 3645 1230 3704; x_wconf 78' lang='lat' dir='ltr'>vm‚40</span> <span class='ocrx_word' id='word_1_369' title='bbox 1248 3639 1314 3708; x_wconf 77' lang='lat' dir='ltr'>quid</span> <span class='ocrx_word' id='word_1_370' title='bbox 1330 3638 1397 3705; x_wconf 69' lang='lat' dir='ltr'>apsis</span> 
     </span>
     <span class='ocr_line' id='line_1_39' title="bbox 183 3711 1028 3780; baseline 0 -18"><span class='ocrx_word' id='word_1_371' title='bbox 183 3713 273 3778; x_wconf 52' lang='lat'>217.</span> <span class='ocrx_word' id='word_1_372' title='bbox 315 3711 343 3763; x_wconf 84' lang='grc' dir='ltr'>ιἰι</span> <span class='ocrx_word' id='word_1_373' title='bbox 369 3711 519 3764; x_wconf 78' lang='lat' dir='ltr'>maritimas</span> <span class='ocrx_word' id='word_1_374' title='bbox 540 3711 662 3780; x_wconf 72' lang='lat' dir='ltr'>septenes</span> <span class='ocrx_word' id='word_1_375' title='bbox 678 3725 760 3778; x_wconf 82' lang='lat' dir='ltr'>prae-</span> <span class='ocrx_word' id='word_1_376' title='bbox 796 3712 935 3763; x_wconf 81' lang='lat' dir='ltr'>timendmn</span> <span class='ocrx_word' id='word_1_377' title='bbox 944 3713 1028 3779; x_wconf 83' lang='lat' dir='ltr'>soret.</span> 
     </span>
     <span class='ocr_line' id='line_1_40' title="bbox 148 3773 1395 3858; baseline -0.003 -28"><span class='ocrx_word' id='word_1_378' title='bbox 148 3778 262 3856; x_wconf 77' lang='lat' dir='ltr'>missos]</span> <span class='ocrx_word' id='word_1_379' title='bbox 280 3777 371 3830; x_wconf 81' lang='lat' dir='ltr'>Etiam</span> <span class='ocrx_word' id='word_1_380' title='bbox 389 3777 441 3831; x_wconf 86' lang='lat' dir='ltr'>mei</span> <span class='ocrx_word' id='word_1_381' title='bbox 460 3778 538 3832; x_wconf 86' lang='lat' dir='ltr'>codd.</span> <span class='ocrx_word' id='word_1_382' title='bbox 555 3794 663 3844; x_wconf 86' lang='lat' dir='ltr'>omnes,</span> <span class='ocrx_word' id='word_1_383' title='bbox 690 3777 761 3830; x_wconf 88' lang='lat' dir='ltr'>sicut</span> <span class='ocrx_word' id='word_1_384' title='bbox 830 3781 854 3845; x_wconf 68' lang='grc' dir='ltr'>ξ.</span> <span class='ocrx_word' id='word_1_385' title='bbox 873 3785 914 3831; x_wconf 81' lang='grc'>20.</span> <span class='ocrx_word' id='word_1_386' title='bbox 933 3795 986 3858; x_wconf 77' lang='lat' dir='ltr'>qao</span> <span class='ocrx_word' id='word_1_387' title='bbox 1004 3777 1151 3846; x_wconf 78' lang='lat' dir='ltr'>aspirante]</span> <span class='ocrx_word' id='word_1_388' title='bbox 1169 3773 1227 3828; x_wconf 76' lang='lat' dir='ltr'>niv.</span> <span class='ocrx_word' id='word_1_389' title='bbox 1245 3787 1286 3839; x_wconf 77' lang='grc' dir='ltr'>ιν,</span> <span class='ocrx_word' id='word_1_390' title='bbox 1305 3777 1347 3838; x_wconf 84' lang='grc'>54,</span> <span class='ocrx_word' id='word_1_391' title='bbox 1363 3779 1395 3851; x_wconf 54' lang='lat'>{9</span> 
     </span>
     <span class='ocr_line' id='line_1_41' title="bbox 149 3839 1396 3960; baseline -0.006 -61"><span class='ocrx_word' id='word_1_392' title='bbox 149 3847 196 3914; x_wconf 87' lang='lat' dir='ltr'>qui</span> <span class='ocrx_word' id='word_1_393' title='bbox 213 3845 281 3899; x_wconf 78' lang='lat' dir='ltr'>olim</span> <span class='ocrx_word' id='word_1_394' title='bbox 299 3845 390 3898; x_wconf 72' lang='lat' dir='ltr'>eonati</span> <span class='ocrx_word' id='word_1_395' title='bbox 408 3854 480 3912; x_wconf 86' lang='lat' dir='ltr'>sunt,</span> <span class='ocrx_word' id='word_1_396' title='bbox 498 3847 527 3898; x_wconf 80' lang='lat' dir='ltr'>in</span> <span class='ocrx_word' id='word_1_397' title='bbox 544 3847 681 3900; x_wconf 89' lang='lat' dir='ltr'>omittunt.</span> <span class='ocrx_word' id='word_1_398' title='bbox 705 3844 761 3897; x_wconf 84' lang='lat' dir='ltr'>lta·</span> <span class='ocrx_word' id='word_1_399' title='bbox 796 3847 855 3898; x_wconf 79' lang='lat' dir='ltr'>licet</span> <span class='ocrx_word' id='word_1_400' title='bbox 864 3848 987 3915; x_wconf 77' lang='lat' dir='ltr'>felicatas</span> <span class='ocrx_word' id='word_1_401' title='bbox 1005 3847 1128 3914; x_wconf 80' lang='lat' dir='ltr'>aspirare</span> <span class='ocrx_word' id='word_1_402' title='bbox 1145 3845 1277 3906; x_wconf 68' lang='lat' dir='ltr'>videaur,-</span> <span class='ocrx_word' id='word_1_403' title='bbox 1295 3839 1396 3960; x_wconf 52' lang='lat' dir='ltr'>Verppl.</span> 
     </span>
     <span class='ocr_line' id='line_1_42' title="bbox 151 3911 1396 3993; baseline -0.006 -27"><span class='ocrx_word' id='word_1_404' title='bbox 151 3929 204 3992; x_wconf 77' lang='lat' dir='ltr'>que</span> <span class='ocrx_word' id='word_1_405' title='bbox 224 3914 271 3966; x_wconf 80' lang='lat' dir='ltr'>vix</span> <span class='ocrx_word' id='word_1_406' title='bbox 288 3912 522 3992; x_wconf 29' lang='lat' dir='ltr'>dubitaramnquin</span> <span class='ocrx_word' id='word_1_407' title='bbox 536 3929 628 3966; x_wconf 88' lang='lat' dir='ltr'>eorum</span> <span class='ocrx_word' id='word_1_408' title='bbox 645 3911 762 3966; x_wconf 87' lang='lat' dir='ltr'>auctori-</span> <span class='ocrx_word' id='word_1_409' title='bbox 785 3915 865 3993; x_wconf 81' lang='lat' dir='ltr'>·Aen.</span> <span class='ocrx_word' id='word_1_410' title='bbox 880 3928 912 3980; x_wconf 91' lang='lat'>11,</span> <span class='ocrx_word' id='word_1_411' title='bbox 924 3919 974 3968; x_wconf 77' lang='lat'>385</span> <span class='ocrx_word' id='word_1_412' title='bbox 998 3915 1103 3982; x_wconf 82' lang='lat' dir='ltr'>aspirat</span> <span class='ocrx_word' id='word_1_413' title='bbox 1117 3913 1206 3980; x_wconf 82' lang='lat' dir='ltr'>primo</span> <span class='ocrx_word' id='word_1_414' title='bbox 1222 3911 1337 3978; x_wconf 85' lang='lat' dir='ltr'>surtuaa</span> <span class='ocrx_word' id='word_1_415' title='bbox 1385 3937 1396 3950; x_wconf 91' lang='lat'><em>-</em></span> 
     </span>
     <span class='ocr_line' id='line_1_43' title="bbox 149 3981 1399 4128; baseline -0.003 -28"><span class='ocrx_word' id='word_1_416' title='bbox 149 3981 762 4128; x_wconf 43' lang='lat' dir='ltr'>ffiffimmgmmtsplepemvgglffipffio</span> <span class='ocrx_word' id='word_1_417' title='bbox 797 3983 907 4116; x_wconf 60' lang='lat' dir='ltr'>bobilam</span> <span class='ocrx_word' id='word_1_418' title='bbox 926 4027 1059 4102; x_wconf 75' lang='lat' dir='ltr'>mutabilis</span> <span class='ocrx_word' id='word_1_419' title='bbox 1077 4049 1155 4114; x_wconf 82' lang='lat' dir='ltr'>esset)</span> <span class='ocrx_word' id='word_1_420' title='bbox 1174 4045 1220 4100; x_wconf 82' lang='lat' dir='ltr'>sio</span> <span class='ocrx_word' id='word_1_421' title='bbox 1237 4043 1321 4123; x_wconf 54' lang='lat' dir='ltr'>eldus</span> <span class='ocrx_word' id='word_1_422' title='bbox 1340 4059 1399 4098; x_wconf 85' lang='lat' dir='ltr'>cor·</span> 
     </span>
     <span class='ocr_line' id='line_1_44' title="bbox 151 4114 1397 4186; baseline -0.005 -18"><span class='ocrx_word' id='word_1_423' title='bbox 151 4131 200 4183; x_wconf 80' lang='lat' dir='ltr'>que</span> <span class='ocrx_word' id='word_1_424' title='bbox 218 4135 385 4185; x_wconf 74' lang='lat' dir='ltr'>praeeramus</span> <span class='ocrx_word' id='word_1_425' title='bbox 415 4118 590 4185; x_wconf 78' lang='lat' dir='ltr'>speculatores</span> <span class='ocrx_word' id='word_1_426' title='bbox 613 4125 762 4169; x_wconf 73' lang='lat' dir='ltr'>mamimus</span> <span class='ocrx_word' id='word_1_427' title='bbox 796 4125 916 4182; x_wconf 71' lang='lat' dir='ltr'>rexerat,</span> <span class='ocrx_word' id='word_1_428' title='bbox 935 4117 976 4168; x_wconf 87' lang='lat' dir='ltr'>ed.</span> <span class='ocrx_word' id='word_1_429' title='bbox 986 4134 1027 4186; x_wconf 89' lang='lat' dir='ltr'>pr.</span> <span class='ocrx_word' id='word_1_430' title='bbox 1045 4123 1074 4168; x_wconf 86' lang='lat' dir='ltr'>et</span> <span class='ocrx_word' id='word_1_431' title='bbox 1091 4115 1169 4168; x_wconf 90' lang='lat' dir='ltr'>codd.</span> <span class='ocrx_word' id='word_1_432' title='bbox 1178 4114 1298 4183; x_wconf 80' lang='lat' dir='ltr'>plerique</span> <span class='ocrx_word' id='word_1_433' title='bbox 1306 4129 1397 4181; x_wconf 69' lang='lat' dir='ltr'>qucum-</span> 
     </span>
     <span class='ocr_line' id='line_1_45' title="bbox 151 4179 1398 4254; baseline -0.003 -20"><span class='ocrx_word' id='word_1_434' title='bbox 151 4185 300 4252; x_wconf 75' lang='lat' dir='ltr'>repimme</span> <span class='ocrx_word' id='word_1_435' title='bbox 337 4187 425 4237; x_wconf 84' lang='lat' dir='ltr'>lcrare</span> <span class='ocrx_word' id='word_1_436' title='bbox 441 4186 516 4237; x_wconf 66' lang='lat' dir='ltr'>iuba.</span> <span class='ocrx_word' id='word_1_437' title='bbox 536 4183 616 4247; x_wconf 82' lang='lat' dir='ltr'>Quod</span> <span class='ocrx_word' id='word_1_438' title='bbox 633 4192 762 4253; x_wconf 77' lang='lat' dir='ltr'>superest,</span> <span class='ocrx_word' id='word_1_439' title='bbox 797 4201 854 4252; x_wconf 82' lang='lat' dir='ltr'>que,</span> <span class='ocrx_word' id='word_1_440' title='bbox 874 4183 987 4236; x_wconf 87' lang='lat' dir='ltr'>Bern.B</span> <span class='ocrx_word' id='word_1_441' title='bbox 1002 4201 1051 4254; x_wconf 83' lang='lat' dir='ltr'>quo</span> <span class='ocrx_word' id='word_1_442' title='bbox 1128 4179 1398 4248; x_wconf 81' lang='lat' dir='ltr'>Flor.Cquamquem</span> 
     </span>
     <span class='ocr_line' id='line_1_46' title="bbox 152 4222 1397 4325; baseline -0.006 -21"><span class='ocrx_word' id='word_1_443' title='bbox 152 4251 250 4304; x_wconf 81' lang='lat' dir='ltr'>ornissa</span> <span class='ocrx_word' id='word_1_444' title='bbox 268 4251 307 4320; x_wconf 79' lang='lat' dir='ltr'>syl</span> <span class='ocrx_word' id='word_1_445' title='bbox 318 4253 370 4304; x_wconf 84' lang='lat' dir='ltr'>aba</span> <span class='ocrx_word' id='word_1_446' title='bbox 387 4253 426 4317; x_wconf 83' lang='grc' dir='ltr'>ιἰι,</span> <span class='ocrx_word' id='word_1_447' title='bbox 446 4268 507 4304; x_wconf 81' lang='lat' dir='ltr'>eum</span> <span class='ocrx_word' id='word_1_448' title='bbox 521 4251 649 4304; x_wconf 84' lang='lat' dir='ltr'>mlittera</span> <span class='ocrx_word' id='word_1_449' title='bbox 666 4267 761 4322; x_wconf 88' lang='lat' dir='ltr'>sequa·</span> <span class='ocrx_word' id='word_1_450' title='bbox 796 4253 945 4304; x_wconf 79' lang='lat' dir='ltr'>mutabilem</span> <span class='ocrx_word' id='word_1_451' title='bbox 964 4269 1027 4306; x_wconf 82' lang='lat' dir='ltr'>esse.</span> <span class='ocrx_word' id='word_1_452' title='bbox 1061 4269 1078 4304; x_wconf 96' lang='lat' dir='ltr'>n</span> <span class='ocrx_word' id='word_1_453' title='bbox 1096 4222 1167 4303; x_wconf 75' lang='lat' dir='ltr'>l&#39;lor.</span> <span class='ocrx_word' id='word_1_454' title='bbox 1185 4249 1208 4301; x_wconf 87' lang='grc' dir='ltr'><em>Β</em></span> <span class='ocrx_word' id='word_1_455' title='bbox 1227 4247 1313 4301; x_wconf 89' lang='lat' dir='ltr'>omnia</span> <span class='ocrx_word' id='word_1_456' title='bbox 1331 4247 1397 4325; x_wconf 80' lang='lat' dir='ltr'>baec</span> 
     </span>
     <span class='ocr_line' id='line_1_47' title="bbox 151 4315 1395 4390; baseline -0.004 -18"><span class='ocrx_word' id='word_1_457' title='bbox 151 4323 206 4384; x_wconf 86' lang='lat' dir='ltr'>tur,</span> <span class='ocrx_word' id='word_1_458' title='bbox 225 4319 271 4372; x_wconf 76' lang='lat' dir='ltr'>vix</span> <span class='ocrx_word' id='word_1_459' title='bbox 283 4335 453 4390; x_wconf 61' lang='lat' dir='ltr'>vquemquam</span> <span class='ocrx_word' id='word_1_460' title='bbox 471 4335 576 4373; x_wconf 85' lang='lat' dir='ltr'>movere</span> <span class='ocrx_word' id='word_1_461' title='bbox 594 4321 692 4390; x_wconf 74' lang='lat' dir='ltr'>potest.</span> <span class='ocrx_word' id='word_1_462' title='bbox 796 4320 879 4372; x_wconf 78' lang='lat' dir='ltr'>verba</span> <span class='ocrx_word' id='word_1_463' title='bbox 896 4320 967 4373; x_wconf 82' lang='lat' dir='ltr'>inter</span> <span class='ocrx_word' id='word_1_464' title='bbox 984 4321 1036 4372; x_wconf 90' lang='lat' dir='ltr'>duo</span> <span class='ocrx_word' id='word_1_465' title='bbox 1055 4336 1121 4389; x_wconf 76' lang='lat' dir='ltr'>qaae</span> <span class='ocrx_word' id='word_1_466' title='bbox 1138 4318 1302 4370; x_wconf 79' lang='lat' dir='ltr'>exciderunt.</span> <span class='ocrx_word' id='word_1_467' title='bbox 1319 4315 1395 4368; x_wconf 81' lang='lat' dir='ltr'>Aldi-</span> 
     </span>
     <span class='ocr_line' id='line_1_48' title="bbox 186 4386 1327 4460; baseline -0.003 -18"><span class='ocrx_word' id='word_1_468' title='bbox 186 4389 246 4458; x_wconf 80' lang='lat' dir='ltr'>ipse</span> <span class='ocrx_word' id='word_1_469' title='bbox 262 4391 367 4444; x_wconf 77' lang='lat' dir='ltr'>adesset</span> <span class='ocrx_word' id='word_1_470' title='bbox 385 4387 435 4458; x_wconf 83' lang='lat' dir='ltr'>un]</span> <span class='ocrx_word' id='word_1_471' title='bbox 472 4387 552 4453; x_wconf 84' lang='lat' dir='ltr'>Quod</span> <span class='ocrx_word' id='word_1_472' title='bbox 573 4389 656 4460; x_wconf 80' lang='lat' dir='ltr'>vulgo</span> <span class='ocrx_word' id='word_1_473' title='bbox 673 4387 763 4444; x_wconf 87' lang='lat' dir='ltr'>editur</span> <span class='ocrx_word' id='word_1_474' title='bbox 797 4405 861 4444; x_wconf 87' lang='lat' dir='ltr'>num</span> <span class='ocrx_word' id='word_1_475' title='bbox 878 4387 1007 4446; x_wconf 86' lang='lat' dir='ltr'>editorem</span> <span class='ocrx_word' id='word_1_476' title='bbox 1024 4395 1098 4443; x_wconf 86' lang='lat' dir='ltr'>recte</span> <span class='ocrx_word' id='word_1_477' title='bbox 1116 4386 1207 4441; x_wconf 83' lang='lat' dir='ltr'>secisse</span> <span class='ocrx_word' id='word_1_478' title='bbox 1225 4400 1327 4440; x_wconf 83' lang='lat' dir='ltr'>censeo.</span> 
     </span>
    </p>
   </div>
   <div class='ocr_carea' id='block_1_10' title="bbox 1155 4472 1194 4528">
    <p class='ocr_par' dir='ltr' id='par_1_11' title="bbox 1155 4472 1194 4528">
     <span class='ocr_line' id='line_1_49' title="bbox 1155 4472 1194 4528; baseline 0 -26"><span class='ocrx_word' id='word_1_479' title='bbox 1155 4472 1194 4528; x_wconf 60' lang='lat'>3⁸</span> 
     </span>
    </p>
   </div>
   <div class='ocr_carea' id='block_1_11' title="bbox 0 0 1634 5042">
    <p class='ocr_par' dir='ltr' id='par_1_12' title="bbox 0 0 1634 5042">
     <span class='ocr_line' id='line_1_50' title="bbox 0 0 1634 5042; baseline 0 0"><span class='ocrx_word' id='word_1_480' title='bbox 0 0 1634 5042; x_wconf 95' lang='lat' dir='ltr'> </span> 
     </span>
    </p>
   </div>
  </div>
 </body>
</html>
