3324 5054
578 337 628 387 ne
655 335 781 388 onsrrs
808 336 917 386 nnnx.
945 333 1062 402 1v,s4.
1371 315 1442 385 109

198 519 378 592 destituit:
414 518 566 609 Hector,
594 519 656 592 diu
682 517 817 589 flumini
843 516 1065 603 obluctatuS,
1102 541 1183 588 curn
1209 517 1357 591 madens
1384 542 1444 591 ve·

199 629 265 702 stis
292 640 330 704 et
356 629 519 704 adstricti
544 627 696 723 crepidis
724 625 834 722 pedes
860 635 985 697 natare
1011 625 1253 721 prohiberent,
1267 629 1303 700 in
1328 631 1445 728 ripam

200 751 321 815 tamen
358 739 573 815 semianimis
606 738 737 825 evasit,
774 748 810 808 et
836 744 878 809 ut
903 737 1056 834 primum
1082 737 1253 836 fatigatus
1280 739 1444 835 spiritum

200 851 359 941 laxavit,
395 873 501 946 quern
527 857 645 920 metus
672 859 706 920 et
743 849 938 946 periculum
966 847 1187 936 intenderat,
1223 849 1321 920 nullo
1347 846 1445 921 adiu-

199 975 311 1036 vante
348 961 495 1056 (quippe
521 960 557 1030 in
585 957 767 1032 diversum
794 968 985 1030 evaserant
1011 957 1084 1051 alii)
1117 959 1342 1032 exanimatus
1377 968 1442 1033 est.

163 1071 335 1146 sArnissi
362 1067 437 1142 cius
464 1067 642 1143 desiderio
668 1071 899 1143 vehementer
924 1069 1077 1140 afflictus
1104 1078 1170 1158 est,
1191 1079 1443 1166 repertumque

201 1205 334 1278 corpus
360 1181 548 1278 magnifico
575 1183 706 1254 extulit
730 1183 863 1252 funere.

307 1288 482 1364 Oneravit
516 1292 612 1362 hunc
648 1289 806 1364 dolorem
841 1290 990 1362 nuntius
1029 1291 1154 1362 mortis
1189 1288 1441 1382 Andromachi,

203 1427 311 1499 quem
351 1404 573 1498 praefecerat
608 1397 752 1500 Syriae:
798 1403 923 1474 vivum
955 1397 1151 1473 Samaritae
1187 1410 1445 1474 cremaverant.

149 1530 184 1578 ιο
202 1511 264 1584 Ad
291 1512 391 1584 cuius
416 1513 600 1584 interit-um
628 1513 891 1600 vindicandum,
918 1522 1053 1608 quanta
1079 1510 1237 1582 maxhna
1261 1512 1444 1585 celeritate

128 1671 132 1676 -
204 1623 340 1720 potuit,
376 1621 580 1695 contendit:
617 1622 890 1720 advenientique
924 1633 1008 1694 sunt
1033 1621 1156 1693 traditi
1182 1623 1274 1694 tanti
1299 1621 1442 1696 sceleris

150 1753 181 1800 ιι
203 1744 380 1806 auctores.
419 1731 673 1807 Andromacho
700 1733 828 1806 deinde
854 1731 1046 1806 Memnona
1071 1733 1266 1824 substituit,
1292 1723 1444 1808 affectisss

195 1967 280 2036 sessu
298 1969 491 2021 -destituere
509 1977 686 2038 papnuntern,
714 1966 809 2020 Sueto·
844 1961 957 2021 maxims
974 1967 1110 2020 celeritate
1126 1967 1215 2038 potuit
1232 1969 1376 2036 contendit,
1395 1987 1441 2022 ne·

205 2035 266 2088 uitis
283 2035 310 2087 in
329 2035 421 2090 claud
439 2042 473 2090 30
496 2038 682 2106 inpredientem
696 2038 808 2106 poplites
843 2052 895 2106 que
912 2045 1035 2088 neutrum
1052 2047 1175 2104 quantum
1193 2035 1287 2108 recipit
1303 2036 1442 2108 superlati·
1544 2063 1547 2070 ·

97 2105 99 2108 ’
205 2105 387 2157 destituebant.
432 2103 593 2157 Destituant
619 2103 701 2173 igitur
723 2104 809 2157 omnis
843 2123 919 2167 rum,
944 2105 989 2156 scd
1008 2103 1116 2157 dicimus
1142 2115 1266 2174 quantum
1279 2107 1365 2175 potuit
1381 2123 1443 2160 con·

206 2170 304 2240 quibru
321 2181 401 2224 nutes
417 2171 472 2224 nixi
494 2171 550 2226 sire
566 2172 651 2226 adiuti
668 2174 808 2239 fucramus,
843 2175 932 2225 tendit.
968 2172 1044 2236 Quae
1060 2181 1153 2226 contra
1170 2172 1294 2242 leguntur
1310 2174 1379 2256 apud
1396 2173 1442 2227 Li·

205 2256 268 2293 eum
284 2255 375 2292 eorum
393 2239 491 2292 auxilio
509 2241 650 2312 privamur.
842 2241 914 2294 mum
931 2250 978 2306 lx,
993 2247 1025 2295 10
1042 2249 1111 2294 extr.
1137 2252 1236 2310 quanto
1259 2259 1370 2294 mucrene
1392 2260 1441 2312 po·

241 2323 317 2376 quent
339 2319 421 2362 metus
445 2319 469 2360 et
487 2311 632 2378 periculam
651 2309 807 2379 intenderet]
843 2319 911 2364 terat
928 2310 967 2374 ui,
990 2309 1048 2362 eod.
1066 2309 1110 2361 lib.
1129 2315 1163 2361 tt
1181 2311 1248 2360 met.
1271 2320 1368 2377 quanto
1384 2328 1442 2363 mu-

205 2375 252 2430 stc
269 2393 360 2430 omnes
383 2376 460 2431 codd.
478 2395 526 2447 pro
543 2378 614 2447 vulg.
632 2380 806 2444 intenderunt,
841 2379 910 2432 sime
929 2386 1036 2446 poterut
1061 2393 1118 2430 cum
1144 2379 1267 2443 tumultu,
1294 2377 1338 2430 lib.
1355 2392 1385 2446 x,
1407 2385 1441 2432 40

204 2453 235 2498 et
251 2445 412 2509 nomitatim,
430 2444 537 2515 opinor,
555 2445 677 2516 quoniam
695 2445 739 2498 ills
754 2446 807 2499 duo
841 2447 908 2499 nied.
936 2455 1033 2514 quanto
1056 2445 1169 2497 maxime
1186 2455 1274 2524 posset
1291 2456 1357 2499 moto
1379 2449 1441 2516 pul·

204 2511 315 2566 nomina
331 2515 358 2566 in
377 2531 456 2566 unam
470 2514 604 2568 notionem
613 2519 718 2568 meunt.
737 2513 807 2566 Tum
841 2531 898 2566 uere
915 2513 1015 2566 dudum
1032 2521 1109 2566 erant
1126 2513 1282 2583 comgends
1304 2522 1336 2566 ut
1356 2516 1441 2568 mosi·

204 2599 254 2635 m
274 2583 303 2635 in
325 2581 484 2635 Snslenbur
503 2582 520 2635 'i
541 2595 570 2636 et
591 2583 687 2637 nostris
704 2597 808 2652 praeter
841 2600 884 2635 mo
900 2583 939 2651 (o)
958 2581 1125 2646 scriberetur,
1145 2597 1193 2634 nec
1209 2583 1277 2652 apud
1288 2581 1441 2637 Ciceronem

203 2649 278 2703 Flor.
296 2649 320 2703 E
337 2650 458 2704 omnibus
494 2661 559 2716 cest,
577 2660 607 2704 ct
624 2669 759 2721 possumus
776 2667 808 2704 eo
842 2668 880 2704 or.
899 2668 924 2721 p.
949 2649 1043 2704 Flacco
1063 2656 1106 2715 lt,
1125 2653 1159 2702 38
1182 2665 1273 2702 verum
1295 2659 1337 2703 est
1358 2669 1441 2720 quon-

203 2719 288 2772 rerbo
304 2735 403 2782 imre,
420 2719 483 2790 quia
498 2719 645 2774 subiectum
659 2719 808 2790 primarium
842 2731 895 2772 tum
912 2721 1024 2772 ntocime
1038 2735 1140 2788 possen:
1155 2721 1330 2772 contenderem
1341 2719 1442 2772 sadde-

202 2785 280 2840 firciia
298 2787 463 2857 intelligitur.
841 2790 887 2841 bet
905 2803 961 2840 esse
978 2786 1119 2840 secundum
1137 2785 1257 2840 meliores
1270 2788 1345 2841 codd.
1363 2805 1441 2856 quum

238 2857 265 2923 §-
295 2862 320 2910 9.
348 2858 439 2909 extulit
456 2859 557 2926 sunere
595 2855 628 2908 In
654 2855 707 2910 suis
731 2855 806 2909 codd.
840 2858 953 2908 monime
964 2872 1070 2924 possem
1088 2857 1273 2908 contenderem.

203 2940 311 2976 mutere
333 2921 385 2992 legi
413 2934 527 2977 annotat
579 2925 666 2978 odius:
693 2923 719 2976 in
743 2923 807 2977 meis
876 2926 899 2991 ς.
921 2931 959 2976 11.
983 2925 1135 2992 affectisque
1153 2925 1282 3004 supplicio
1299 2955 1334 2965 -
1351 2933 1441 2992 tyran-

203 2989 261 3044 tnta
283 2989 348 3070 quid
375 3009 427 3045 non
455 2991 603 3060 invenitur,
631 2993 678 3046 sed
694 3009 807 3062 „prorsus
840 3009 888 3045 nos
911 2992 980 3044 iuter
1005 3009 1069 3062 quos
1085 3022 1118 3032 -
1138 2992 1317 3046 Aristonicum
1333 3023 1369 3034 -
1386 3002 1441 3045 tra·

203 3059 282 3113 abac
299 3057 344 3112 1112
359 3077 412 3114 vox
429 3077 447 3116 s
463 3059 534 3113 Flor.
552 3059 585 3114 Β.
841 3061 920 3128 didit]
939 3059 1037 3112 iocum
1055 3057 1093 3112 ita
1109 3059 1234 3116 constitui
1252 3059 1319 3112 sicut
1332 3059 1358 3112 in
1367 3059 1440 3112 Leid.

118 3173 122 3178 .
239 3130 264 3194 5.
285 3134 324 3180 lu.
350 3139 449 3197 quanto
472 3131 588 3182 maximo
610 3129 739 3182 celer-itote
760 3146 807 3197 po·
841 3137 870 3181 et
888 3127 914 3180 in
932 3129 1006 3182 urstis
1024 3127 1093 3180 Flor.
1110 3145 1164 3181 uno
1181 3127 1207 3180 H
1229 3139 1341 3198 excepto
1358 3128 1440 3181 omni-

204 3195 267 3265 tus't]
287 3195 407 3249 Maximo
426 3197 602 3268 proeoquod
620 3196 646 3250 in
664 3197 723 3248 edd.
741 3207 807 3250 vett
843 3199 891 3250 bus
922 3197 1060 3266 lcpcbntur
1089 3213 1121 3249 sc
1146 3195 1252 3249 Modius
1281 3196 1440 3267 praeiverat,

204 3263 346 3332 legebatur
380 3267 493 3318 maxime
526 3265 623 3336 primus
658 3265 808 3318 emendavit
841 3283 900 3318 cum
919 3265 1009 3335 vulgo,
1027 3264 1115 3317 deleta
1132 3263 1226 3334 copula
1243 3281 1299 3333 qve,
1315 3273 1379 3318 ante
1396 3283 1441 3318 vo-

203 3331 339 3385 Acidsiius
357 3341 385 3385 ct
402 3345 560 3403 receperunt
568 3333 735 3404 insequentes
753 3335 807 3386 cdi-
842 3351 897 3387 cent
915 3345 1041 3403 tyrannos
1059 3331 1160 3402 plenius
1174 3331 1443 3402 interpungereturct

204 3409 286 3453 tores.
321 3399 433 3466 iegitur
458 3419 521 3454 sane
544 3404 655 3454 monime
682 3401 708 3454 in
732 3402 803 3454 Lcid,
842 3421 890 3472 pro
907 3405 975 3454 inter
992 3419 1057 3471 quas
1075 3400 1208 3470 legeretur
1225 3403 1292 3454 inter
1301 3419 1352 3454 ecs.
1370 3400 1429 3455 Con

203 3467 283 3521 Voss.
304 3475 315 3520 1
337 3467 407 3522 Flor.
426 3469 485 3536 AB,
504 3487 536 3523 ac
551 3471 674 3522 deberem
693 3470 807 3540 recipere
841 3481 896 3523 stat
918 3481 1007 3522 autem
1031 3487 1113 3534 nunc,
1142 3471 1213 3549 quod
1239 3469 1371 3522 veteribus
1392 3469 1442 3522 illis

204 3535 232 3588 ni
250 3536 279 3588 in
297 3535 377 3588 Bern.
395 3539 420 3590 Α
438 3546 468 3590 ct
491 3537 518 3590 in
540 3537 646 3608 reliquis
665 3539 733 3592 Flor.
751 3557 807 3590 mo·
841 3538 986 3592 editoribus
1003 3537 1110 3590 latuisse
1127 3539 1240 3602 videtur,
1259 3540 1399 3608 intorques
1414 3545 1443 3591 et

204 3607 279 3657 mma
296 3614 375 3669 esset,
394 3607 465 3674 quod
488 3623 537 3659 usu
554 3615 584 3659 et
601 3607 683 3660 nostri
702 3616 730 3659 ct
747 3605 807 3659 reii-
841 3609 982 3676 inquibus
1000 3606 1082 3659 itaiu
1100 3606 1352 3660 continusorstione
1370 3606 1441 3676 poni,

203 3691 319 3742 qnorum
336 3673 577 3744 probatissimorum
591 3685 807 3729 auctorumcom·
842 3685 872 3727 ut
890 3693 994 3745 prorsus
1012 3693 1060 3745 pro
1082 3683 1105 3727 et
1123 3677 1251 3728 intereos
1269 3691 1321 3727 non
1339 3681 1442 3728 mutata

203 3741 354 3793 mendutur.
389 3741 430 3796 cf.
454 3743 488 3795 de
511 3742 579 3796 Livii
602 3744 651 3796 huc
668 3754 806 3796 consuetu·
841 3741 942 3814 reliqua
960 3745 1099 3796 rcrbomm
1108 3741 1441 3796 constructionediosntur.

202 3808 268 3860 dine
285 3807 403 3862 Gronov.
421 3819 450 3862 et
469 3811 602 3864 undeno.
621 3821 697 3866 notus
714 3811 748 3864 ud
762 3811 805 3865 lib.
840 3827 884 3876 vi,
911 3819 941 3864 17
966 3814 1113 3882 exceptique
1136 3821 1197 3864 sunt
1219 3813 1342 3933 guilleta,
1374 3813 1442 3864 inter

204 3891 277 3940 xm,
304 3883 335 3929 to
359 3877 416 3930 init
459 3879 504 3930 Ad
526 3899 603 3948 qnam
629 3879 690 3932 addi
716 3889 807 3949 potest
859 3897 904 3933 uos
927 3897 1008 3948 equus
1029 3883 1108 3948 repis.
1153 3878 1195 3933 cf.
1246 3879 1380 3933 ronoviurn
1407 3879 1442 3931 nd

202 3943 381 4014 superlatiuss
397 3955 426 3998 ct
442 3947 560 4000 adverbii
577 3957 605 4000 ct
617 3948 805 4001 adiectis-icum
840 3899 907 4000 itui
932 3948 975 4001 lib.
995 3963 1034 4013 vt,
1056 3955 1095 4013 14,
1119 3949 1232 4001 eundem
1254 3957 1282 3999 ct
1305 3947 1442 4000 Dukerum

204 4015 288 4066 verbo
302 4031 380 4084 posse
401 4031 432 4068 ac
448 4014 505 4067 sine
522 4033 568 4082 eo,
592 4025 623 4068 ut
642 4017 666 4068 h.
685 4016 700 4067 Ι.
719 4017 805 4069 :licere
840 4019 873 4068 ad
892 4015 948 4068 Liv.
967 4031 1080 4082 xxxvii,
1099 4023 1142 4080 ¹23,
1161 4021 1176 4070 t
1198 4025 1227 4068 et
1251 4015 1385 4068 Drukenb.
1407 4017 1442 4068 sd

203 4080 300 4151 possis:
317 4099 394 4152 quarn
413 4083 547 4136 celerrime
564 4083 804 4154 potuitcontcndit,
840 4084 904 4154 cpit.
928 4083 986 4137 iibri
1008 4091 1064 4138 107.
1101 4084 1174 4136 Suet.
1194 4084 1269 4138 Caes.
1288 4089 1320 4136 δ’.)
1349 4085 1442 4136 ditexit

203 4161 233 4202 et
250 4167 330 4268 guam
352 4151 464 4204 maxims
481 4153 616 4206 celeritate
638 4153 727 4222 potuit
743 4171 805 4206 con-
831 4165 863 4209 ,et
882 4155 997 4222 repimus,
1017 4155 1168 4221 interque:
1186 4153 1293 4205 Eustoin
1304 4153 1440 4218 Maurum,

203 4225 251 4270 teu
272 4217 308 4283 it,
331 4217 393 4270 item
412 4235 491 4298 quam
509 4220 642 4274 celerrimo
660 4221 804 4286 mutescit,
840 4220 897 4272 Liv.
915 4235 955 4285 vi,
975 4227 1008 4275 20
1031 4223 1100 4273 donn
1118 4221 1295 4289 imperatorur
1322 4223 1359 4273 ud
1375 4239 1442 4289 qna-

203 4294 233 4338 et
256 4304 338 4355 quam
364 4305 475 4340 maxims
502 4289 637 4342 celeritate
660 4290 803 4342 contendit.
840 4291 965 4358 dropintc
989 4288 1143 4358 (protulisse
1163 4289 1272 4358 dicitur)
1289 4241 1325 4340 in
1348 4290 1441 4356 quibus

203 4353 259 4405 Sed
277 4355 311 4406 sd
330 4354 355 4407 id
374 4356 443 4424 quod
460 4365 501 4408 est
518 4368 629 4426 quantus
648 4375 802 4412 nonconvc-
839 4359 956 4427 insignes
975 4361 1043 4410 duos
1065 4360 1179 4410 rnurules
1197 4375 1320 4420 corones,
1344 4359 1441 4409 cirtica:

203 4421 246 4474 nit
269 4422 317 4474 uisi
334 4423 491 4478 adiectirum
514 4443 573 4478 cum
590 4443 677 4495 posse:
705 4437 804 4495 quanta
838 4437 902 4479 octo.
929 4425 1441 4493 Oviu.Memm.x1n,1otueceperu:
