3354 5052
206 328 281 401 384
677 341 712 405 o.
735 341 859 394 curru
883 343 969 394 nuru

180 526 404 622 tingentem
434 524 583 600 humum
614 551 679 626 per
708 525 902 602 ludibrium
933 523 1052 623 coepit
1083 526 1235 618 hortari,
1274 541 1316 604 ut
1340 533 1449 604 vehe-

206 635 360 708 mentius
387 633 424 708 id
450 649 615 736 quateret
639 639 687 713 ad
712 653 860 730 terram,
899 637 1089 734 elicuitque
1120 638 1210 710 iram
1236 639 1447 730 Alexandri,
1498 717 1511 744 Ι

206 769 313 842 quam
354 747 437 822 olim
472 751 590 825 animo
625 777 752 850 capere
786 776 860 824 non
894 761 1047 849 poterat.
1105 747 1232 849 ltaque
1265 775 1347 838 rex,
1392 751 1450 824 Tu
1467 771 1504 820 aa

205 869 330 949 auam,
365 861 494 959 inquit,
528 887 595 936 aon
620 863 825 938 commemo
855 863 934 935 nae?
986 862 1046 935 Aa
1071 861 1129 935 ati
1152 863 1215 936 ami
1238 861 1336 962 ἅίφηὶ
1358 862 1449 936 uide·

204 993 283 1044 mur
308 995 377 1046 csse
410 971 577 1046 Marto?
628 971 707 1062 llle,
742 995 808 1043 nac
840 985 962 1068 regem
993 970 1162 1062 ludibrio,
1195 998 1262 1046 nec
1295 999 1334 1048 se
1365 999 1449 1048 con·

94 1093 97 1098 ’
207 1088 348 1179 temptu
373 1079 521 1178 dignum
546 1105 635 1169 esse,
660 1077 854 1176 respondit
907 1079 1001 1152 Tum
1019 1080 1220 1156 detractum
1246 1109 1329 1158 eum
1354 1086 1448 1158 lecto
1467 1101 1505 1150 24

206 1213 273 1262 rex
304 1192 516 1290 praecipitat
546 1192 584 1265 in
615 1201 756 1264 terram.
809 1188 858 1263 Et
888 1215 971 1262 eum
1008 1191 1039 1264 is
1072 1219 1208 1292 pronus
1245 1195 1448 1282 corruisset,

218 1297 372 1390 Videat,
398 1302 522 1401 inquit,
549 1302 638 1376 idem
663 1302 839 1403 tcsectrse,
865 1303 956 1403 quod
980 1303 1017 1376 in
1042 1303 1109 1379 alio
1132 1305 1237 1404 paulo
1262 1316 1338 1378 urae
1361 1305 1450 1378 rida-

207 1410 292 1484 bas?
343 1409 392 1486 Et
422 1414 517 1489 tradi
547 1441 590 1489 eo
624 1415 662 1487 in
699 1412 898 1487 custodiam
936 1414 1050 1506 iusso,
1087 1417 1293 1490 convivium
1330 1415 1448 1489 solvit

207 1518 462 1622 Polyperconti
487 1526 631 1624 quidem
656 1536 792 1624 postea,
819 1527 995 1624 castigato
1022 1525 1094 1618 diu,
1120 1529 1278 1626 ignovit:
1304 1527 1342 1600 in
1367 1523 1507 1600 cal-vr.

90 1709 93 1714 .
206 1633 384 1710 listhenen
400 1637 485 1711 olim
502 1639 743 1712 contumaciae
765 1648 972 1735 suspectum
998 1638 1246 1734 pervicacioris
1272 1638 1348 1710 irae
1368 1637 1449 1710 -fuit

209 1740 318 1820 Cuius
335 1745 543 1845 explendae
569 1759 710 1822 matura
736 1747 884 1822 obvenit
909 1748 1061 1821 occasio.
1204 1825 1205 1830 ,

156 1855 201 1928 21
247 1925 250 1932 ,
269 1927 271 1932 ,
302 1855 389 1929 Μοε
416 1870 503 1950 erat,
530 1869 571 1932 ut
596 1883 704 1957 supra
721 1858 856 1932 dictum
873 1869 940 1948 est,
965 1857 1184 1958 principibus
1199 1856 1449 1948 Macedonum,
1467 1877 1485 1926 a

171 1965 351 2066 ¹¹,adultos
383 1968 513 2045 liberos
547 1970 690 2067 regibus
725 1967 886 2060 tradere,
924 1969 972 2043 ad
1007 1970 1130 2043 munia
1162 1967 1262 2042 baud
1295 1970 1450 2042 multum

170 2070 184 2162 s
209 2078 398 2164 servilibus
423 2081 890 2164 ministeriisabhorrentia
943 2079 1184 2154 Excubabant
1209 2081 1362 2154 servatis
1386 2099 1487 2152 nos

111 2183 113 2186 ’
210 2192 322 2264 otium
347 2191 484 2266 vicibus
509 2193 665 2290 proximi
689 2194 824 2268 loribus
841 2194 927 2267 'eius
953 2191 1064 2284 aedis,
1090 2191 1127 2264 in
1140 2215 1218 2288 *qua
1241 2215 1310 2264 rex
1334 2190 1452 2288 acqui·

211 2303 365 2388 escebat
418 2302 487 2378 Per
512 2303 580 2377 hos
605 2305 747 2403 pellices
773 2304 1095 2378 introducebantur
1118 2302 1188 2376 alio
1206 2299 1318 2396 aditu,
1344 2327 1453 2401 quam

156 2441 157 2445 ¹
208 2440 315 2512 quem
349 2416 480 2492 armati
511 2414 734 2492 obsidebant
791 2413 918 2498 Iidem,
945 2425 1112 2514 acceptos
1152 2414 1198 2490 ab
1233 2414 1487 2512 agasonibus⁴

126 2583 129 2588 r
209 2551 337 2624 equos,
370 2551 452 2600 cum
476 2551 543 2600 rex
569 2550 779 2601 ascensurus
806 2538 916 2617 esset,
949 2525 1207 2616 admovebant,
1234 2525 1451 2600 comitaban-

209 2647 340 2735 turque
366 2649 404 2712 et
429 2649 631 2730 venantem,
658 2637 756 2712 etin
782 2638 935 2735 proeliis,
963 2637 1128 2712 omnibus
1154 2635 1291 2716 artibus
1317 2634 1452 2710 studio·

208 2772 290 2821 rum
314 2750 513 2826 liberalium
540 2750 682 2824 exculti.
735 2747 951 2848 Praecipuus
978 2750 1094 2822 honor
1112 2747 1328 2848 habebatur,
1354 2739 1489 2844 quoda

208 2859 339 2935 licebat
364 2860 571 2938 sedentibus
596 2859 694 2935 vesci
719 2885 801 2933 cum
826 2884 923 2958 rege·
974 2857 1182 2958 Castigandi
1207 2883 1270 2932 eos
1296 2857 1452 2931 verberi·
1522 2939 1524 2942 Α

207 2971 293 3076 βιιεΗ
308 2971 449 3068 nullius
489 2981 650 3072 potestas
684 2980 834 3072 praeter
863 2971 991 3074 ,ipsum
1034 2979 1139 3062 erat¹
1180 2965 1280 3064 Haec
1314 2968 1487 3068 ,cohorso

242 3221 266 3283 ς.
283 3221 326 3269 24.
362 3216 489 3286 antipate
516 3216 573 3287 clia]
615 3213 681 3270 Non
706 3215 813 3270 vidntur
847 3215 893 3272 Sic
908 3215 978 3270 infra
994 3235 1017 3271 a
1031 3225 1074 3286 22,
1094 3227 1125 3275 lt
1148 3223 1186 3274 cd
1204 3221 1284 3290 som
1306 3220 1379 3273 aedis
1396 3219 1453 3271 eius

208 3281 252 3336 hic
270 3283 342 3338 locus
359 3301 417 3338 esse
433 3293 579 3356 corruptus.
613 3283 667 3346 Diu
680 3284 812 3339 bominem
846 3287 875 3337 in
910 3304 944 3340 aa
962 3303 1009 3338 rex
1027 3290 1190 3350 veteomor.
1217 3288 1263 3360 qui
1287 3288 1359 3343 loom
1375 3283 1454 3340 simul

208 3350 349 3420 castigavit
374 3369 435 3419 rex,
463 3351 480 3406 i.
495 3369 519 3406 e.
542 3351 569 3406 in
590 3369 693 3408 carcere
715 3353 811 3420 tenuit,
846 3371 895 3424 pro
931 3361 943 3406 t
969 3371 1045 3408 usum
1070 3357 1142 3412 vocis
1164 3360 1243 3411 aedes
1265 3374 1314 3429 pro
1331 3354 1453 3410 cubiculo

208 3427 301 3491 postea
317 3437 381 3476 vero
398 3419 501 3491 ignovit
517 3429 600 3492 atque
616 3419 728 3476 iniuriae
745 3421 812 3476 obli·
846 3421 902 3474 sive
920 3422 1046 3476 conclavi.

208 3497 252 3544 tus
268 3497 318 3544 est.
354 3489 434 3554 Quod
443 3489 576 3543 Acidalius
584 3489 669 3544 voluit
685 3492 812 3560 castigato
881 3497 903 3570 5
913 3498 938 3544 4.
972 3495 1101 3562 coeptos]
1137 3503 1209 3547 octos
1226 3493 1298 3547 Flor.
1316 3491 1407 3547 DFGI
1422 3500 1454 3546 at

204 3559 285 3628 priua
302 3575 356 3612 non
374 3559 482 3680 dipnum
500 3567 542 3612 eat
556 3558 660 3624 Curtio,
677 3557 812 3612 lleuman·
847 3559 911 3611 odit
935 3559 1077 3628 Modiana,
1102 3561 1230 3616 omittunt
1253 3563 1363 3616 verbum
1380 3561 1453 3615 Flor.
1493 3587 1500 3598 ι

209 3644 257 3680 nus
275 3643 382 3697 quoqne
412 3635 499 3680 metra
519 3625 650 3696 glorietur
673 3627 748 3708 quasi
769 3643 812 3680 re-
846 3626 875 3680 H
891 3626 973 3681 Ber-n
983 3628 1016 3682 B.
1148 3687 1151 3694 ,

208 3703 359 3776 papavera
372 3694 487 3775 lectione
500 3705 606 3765 postero
624 3706 751 3782 occupato
769 3697 812 3750 dic
881 3703 902 3764 ς.
916 3703 941 3749 5.
976 3699 1128 3776 cattiyandc'
1144 3716 1188 3754 coc
1205 3699 1366 3778 verberibus]
1392 3697 1454 3752 Hoc

208 3763 812 3912 sarrtfflumrtalatttat:
845 3765 1453 3916 'attentantem

209 3901 292 3956 davit.
315 3899 380 3955 Non
393 3901 577 3954 ammadverut
590 3909 632 3956 rat
649 3918 741 3956 vocem
758 3919 812 3956 nou
901 3904 959 3956 bus.
986 3902 1066 3967 Quod
1083 3904 1202 3974 sequitur
1219 3905 1320 3958 numus
1333 3911 1453 3973 potestas

210 3986 267 4024 essa
295 3967 487 4034 historicorum.
531 3969 631 4024 Verum
661 3989 715 4026 non
744 3986 811 4042 opus
846 3981 902 4024 erat
928 3970 1065 4026 Schelleno
1093 3971 1234 4028 videbatur
1259 3971 1452 4025 emendandum

209 4046 251 4092 est
267 4037 460 4106 emendatione.
845 4056 904 4092 esse
925 4041 991 4094 nulli
1056 4051 1136 4096 tectos
1157 4052 1229 4107 erat,
1253 4039 1364 4095 Heinsio
1385 4041 1453 4092 aaut

245 4106 312 4178 cap.
322 4114 364 4171 21.
383 4114 404 4176 ς.
413 4115 439 4162 8.
456 4107 565 4177 fotibus
575 4107 630 4160 ciac
639 4109 724 4179 aedis]
746 4107 810 4162 Pot·
845 4111 885 4161 ias
902 4119 969 4175 erut,
988 4109 1021 4162 de
1031 4119 1077 4164 eto
1089 4109 1164 4180 quasi
1177 4127 1213 4164 ex
1229 4107 1450 4181 interpretatione

210 4185 268 4230 erat
285 4177 376 4230 abessa
393 4178 456 4239 aare,
478 4175 524 4228 sed
542 4183 651 4246 propter
667 4177 811 4231 auctorita„
846 4185 909 4232 nato
940 4177 1066 4234 vocabulo
1090 4189 1218 4258 potestus.
1252 4177 1358 4232 Neutro
1382 4193 1450 4247 opus

209 4253 264 4299 tem
285 4243 355 4298 Flor.
374 4244 423 4299 AB
451 4243 531 4297 Bern.
549 4247 574 4298 A
600 4244 673 4298 Mod.
701 4245 810 4316 (quibua
844 4254 895 4312 ost,
917 4263 978 4300 nam
996 4265 1056 4300 cum
1072 4247 1189 4302 dicamus
1204 4265 1262 4300 mea
1276 4257 1393 4316 potestas
1411 4256 1450 4298 eet

209 4313 340 4368 accedunt
358 4311 432 4368 Flor.
449 4312 462 4366 l
481 4313 560 4366 Bam.
579 4311 614 4377 B)
632 4313 810 4384 recipiendum
844 4317 892 4368 loc
914 4317 953 4367 vel
976 4317 1045 4370 illud
1059 4318 1195 4385 sociandi,
1221 4315 1296 4387 quod
1315 4323 1356 4368 est
1378 4315 1451 4385 apud

208 4381 264 4436 fuit
301 4380 392 4435 Etiam
409 4379 542 4435 Saelenb.
564 4379 591 4433 in
608 4379 682 4436 Laid.
701 4385 806 4437 Vosal
845 4382 999 4436 Ciceronem
1007 4383 1190 4454 epistadAtt
1200 4383 1450 4450 lib.rv,tadfinem,

210 4451 319 4506 videtur
335 4449 475 4516 invenisse,
493 4450 540 4504 scd
557 4447 664 4521 insuper
681 4450 809 4505 babuisse.
844 4449 936 4506 licebit
953 4452 1033 4506 etiam
1047 4453 1134 4508 dicere
1147 4455 1259 4508 nanim
1271 4463 1451 4523 potestatem.
