3330 5050
216 263 289 336 886
686 279 720 344 o.
747 279 871 332 cnnrn
896 281 980 334 narr

164 465 212 534 22
317 457 455 532 Aderat
480 487 571 552 nox,
604 487 675 559 qua
701 464 873 538 coniurati
900 465 1079 540 excubare
1107 462 1302 553 debebant,
1328 475 1456 538 mutim
1476 483 1509 531 1²

214 568 284 644 fide
317 567 416 660 laeti,
451 575 550 646 cuiue
584 573 837 647 documentum
869 587 925 648 tot
956 575 1032 646 dies
1065 574 1215 644 fuerant
1267 572 1456 649 Neminem

213 693 330 754 metus
357 705 484 780 spesve
516 695 738 758 mutaverat:
772 696 874 758 tanta
905 683 1071 756 omnibus
1097 685 1156 756 vel
1181 684 1217 756 in
1243 709 1364 780 regern
1388 689 1455 777 ira,

213 793 271 866 vel
307 791 395 866 lides
431 797 523 871 inter
557 798 653 895 ipsos
687 797 762 868 fuit
816 792 970 867 Stabant
1004 795 1113 892 igitur
1147 795 1194 869 ad
1229 797 1322 872 fores
1354 796 1454 870 aedis
1476 819 1508 865 rs

213 904 298 994 eius,
325 906 361 978 in
389 933 459 1002 qua
484 932 550 980 rex
576 906 797 994 vescebatur,
824 915 865 978 ut
890 905 1057 979 convivio
1084 932 1268 1005 egressum
1295 911 1330 982 in
1357 909 1453 982 cubi·

212 1018 330 1090 culum
349 1015 576 1090 deducerent
628 1013 701 1088 Sed
727 1017 870 1089 fortuna
896 1016 1007 1114 ipsius
1033 1018 1208 1117 simulque
1232 1023 1454 1122 epulantium
1473 1041 1509 1088 14

212 1129 361 1200 comitae
387 1128 556 1224 provexit
581 1151 705 1200 omnes
732 1126 777 1202 ad
804 1128 936 1228 largius
963 1129 1106 1220 vinum3
1134 1132 1209 1206 ludi
1234 1135 1343 1206 etiam
1369 1157 1452 1206 oon·

212 1237 347 1310 nivales
375 1248 566 1313 extraxere
592 1248 744 1339 tempus,
769 1266 865 1314 nuuc
890 1241 1107 1314 laetantibus
1126 1243 1329 1334 coniuratis,
1355 1241 1454 1340 quod

211 1347 368 1446 sopitum
393 1351 596 1449 aggressuri
621 1362 751 1441 essent,
777 1375 872 1424 nunc
897 1350 1068 1440 sollicitis,
1093 1377 1139 1427 ne
1164 1355 1202 1428 in
1229 1356 1344 1428 lucem
1370 1378 1452 1426 oon-

210 1459 346 1534 vivium
388 1463 604 1536 extraheret
658 1458 796 1560 Quippe
834 1461 922 1534 ahos
958 1461 994 1532 in
1034 1465 1225 1540 stationem
1260 1465 1453 1566 oportebat
1472 1481 1507 1529 1⁵

210 1572 326 1670 prima
351 1575 429 1646 luce
456 1571 657 1662 succedere,
683 1573 842 1669 ipsorum
863 1580 948 1668 post
969 1574 1160 1670 septimum
1182 1577 1278 1652 diem
1293 1575 1455 1651 reditsrra

210 1684 307 1758 vice:
340 1707 407 1756 neo
433 1709 577 1784 sperare
603 1694 785 1780 poterant,
811 1684 848 1756 in
873 1680 962 1755 illud
987 1695 1130 1784 tempus
1156 1689 1322 1763 omnibus
1348 1687 1452 1760 dura·

209 1804 329 1868 turam
355 1793 472 1868 fidem.
527 1791 694 1868 Ceterum
720 1818 802 1866 cum
827 1793 898 1866 iam
929 1793 995 1866 lux
1027 1806 1230 1894 appeteret,
1269 1810 1308 1873 et
1333 1798 1506 1878 movi-1⁶

173 1940 181 1960 ‹
210 1905 309 1978 vium
335 1905 496 1996 solvitur,
523 1917 562 1980 et
586 1904 760 1978 coniurati
787 1917 1007 2002 exceperunt
1031 1931 1164 2006 regem,
1191 1911 1276 1984 laeti
1298 1909 1452 1984 occasio

210 2041 293 2090 nem
319 2016 520 2114 exequendi
545 2017 687 2091 sceleris
712 2016 912 2106 admotam3
940 2041 1022 2090 cum
1048 2019 1175 2092 mulier
1200 2022 1384 2110 attonitae,
1410 2028 1454 2092 ut

211 2127 385 2204 creditum
411 2139 477 2220 eet,
503 2128 643 2218 mentis,
668 2127 873 2202 conversari
897 2126 934 2200 in
960 2128 1062 2227 regia
1086 2131 1202 2222 solita,
1216 2131 1312 2229 'quia
1329 2131 1451 2204 instin-

211 2251 275 2316 ctu
297 2239 489 2316 videbatur
513 2243 635 2312 futura
659 2238 874 2336 praedicere,
899 2265 973 2315 non
995 2241 1151 2314 occurrit
1167 2241 1275 2316 modo
1293 2243 1451 2332 abeunti,

210 2351 275 2428 sed
301 2353 409 2426 etiam
435 2362 549 2427 semet
582 2351 725 2440 obiecit,
760 2351 933 2449 vultuque
966 2364 1004 2426 et
1034 2353 1147 2426 oculie
1180 2364 1319 2428 motum
1349 2378 1451 2452 prae·

208 2465 326 2539 serens
352 2463 476 2552 animi,
512 2474 553 2536 ut
576 2459 710 2536 rediret
734 2463 770 2534 in
796 2463 1001 2536 convivium
1032 2465 1190 2538 monuit:
1226 2477 1265 2539 et
1296 2466 1355 2540 ille
1384 2489 1451 2563 per
1470 2485 1502 2532 1²

157 2613 167 2630 =
208 2575 350 2666 ludum,
384 2575 476 2648 bene
503 2573 590 2652 deos
617 2571 783 2664 suadere,
814 2574 1018 2674 respondit,
1053 2577 1301 2676 revocatisque
1328 2576 1449 2650 amicis

208 2687 244 2759 in
276 2687 402 2760 horam
434 2684 502 2758 diei
534 2685 645 2757 ferme
678 2683 870 2758 secundam
908 2686 1064 2758 convivii
1102 2698 1244 2787 tempus
1278 2687 1446 2762 extraxit

207 2794 283 2868 lam
310 2797 367 2868 alii
394 2821 440 2870 ex
472 2795 619 2870 cohorte
650 2795 687 2868 in
719 2795 909 2870 stationem
944 2811 1208 2890 successerant,
1242 2810 1327 2872 ante
1353 2797 1447 2872 cubi·
1468 2817 1501 2866 rs

153 2953 161 2982 ι,
207 2907 276 2980 culi
308 2909 403 2982 fores
430 2907 647 2997 excubitori,
682 2906 800 2990 adhuc
832 2919 953 2982 tamen
986 2909 1160 2982 coniurati
1192 2909 1339 2983 stabant
1369 2910 1447 2984 vice

207 3019 313 3094 officii
339 3019 394 3094 sui
421 3021 582 3116 expleta;
615 3018 705 3092 adeo
732 3019 898 3117 pertinax
924 3043 1007 3117 spes
1034 3030 1105 3111 est,
1138 3045 1245 3118 quam
1271 3021 1446 3094 humanae

207 3144 345 3204 mentes
372 3129 648 3204 devoraverunt
700 3129 781 3204 Rex
807 3131 994 3228 benignius
1012 3155 1120 3229 quam
1147 3133 1234 3205 alias
1261 3133 1446 3221 allocutus,
1466 3149 1499 3198 1⁹

243 3355 308 3427 Cep.
317 3362 360 3419 tt,
371 3360 445 3426 §.12
471 3359 628 3421 numefitle
646 3359 718 3426 loen]
744 3357 808 3412 Mes.
844 3356 1029 3413 Leidvosel
1046 3355 1212 3424 Pionhssc,
1230 3358 1275 3413 alii
1288 3369 1349 3430 post
1365 3357 1446 3428 septi·

205 3441 296 3478 omnes
314 3441 373 3478 curn
391 3425 454 3479 elit.
472 3425 633 3507 principibus
651 3428 808 3494 mrrltafide,
843 3445 886 3480 mo
904 3429 955 3492 die,
974 3425 1446 3498 Pet.retor.us¹1‚p0nsepemm

206 3504 296 3546 mutuo
325 3505 398 3548 recte
428 3496 578 3548 emendant
603 3494 695 3549 Aldus.
739 3495 809 3548 Tum
844 3499 909 3548 diem
919 3494 1036 3580 denique
1045 3495 1176 3565 expressis
1187 3495 1269 3550 literis
1287 3495 1359 3550 Flor.
1368 3493 1447 3550 ΕΘΗ

204 3561 314 3615 'atlditur
335 3563 369 3615 nd
393 3573 428 3616 tot
450 3567 505 3616 dies
531 3565 665 3616 silentio
691 3565 756 3616 acti
782 3564 808 3616 in
843 3563 919 3617 Voss.
929 3574 954 3616 ι’.
980 3563 1215 3618 thernonsibus
1232 3564 1297 3618 nihil
1314 3571 1446 3618 enotstur.

208 3629 278 3684 Flor.
303 3631 353 3684 ΕΗ
384 3631 464 3685 Bern.
488 3631 526 3699 B,
558 3631 585 3684 in
612 3649 665 3702 quo
690 3631 808 3686 scholion
878 3635 953 3700 §.ltt
972 3633 1129 3701 quamtum
1139 3644 1233 3688 onata
1248 3633 1445 3700 devoraverunt]

207 3715 341 3769 agnoscas.
843 3699 911 3753 Edu.
929 3717 1007 3769 qnam
1025 3702 1153 3754 lantonae
1175 3713 1285 3768 mentes,
1312 3719 1388 3772 quom
1406 3703 1447 3753 in-

242 3773 265 3827 S.
282 3775 321 3820 14.
357 3769 512 3822 luctantibus
530 3769 684 3836 coniuratis]
720 3768 808 3838 Vulgo
844 3780 931 3834 pentes
944 3787 1024 3822 conen
1048 3771 1168 3822 'ceno’oe
1182 3772 1344 3836 devoverunt,
1359 3767 1447 3838 inqua

206 3837 301 3900 laeua·
327 3855 376 3890 nos
401 3835 534 3908 stupuimus·
561 3837 632 3889 leid.
652 3837 729 3890 Voss.
749 3844 805 3902 ¹1²
841 3824 954 3889 lectione
972 3849 1057 3890 muta
1073 3837 1214 3907 displicent
1237 3847 1266 3891 et
1283 3837 1345 3892 oliru
1364 3837 1447 3890 inter-

206 3904 285 3956 Bcrn.
304 3905 353 3957 AB
378 3905 447 3958 Flor.
465 3903 600 3958 Aeeten.
635 3905 702 3957 Item
765 3905 808 3957 ulo
842 3905 962 3975 pratibus
979 3904 1186 3975 displicuerunt,
1213 3924 1297 3975 genus
1323 3903 1446 3976 loquendi

205 3983 267 4041 post
284 3988 374 4026 ornnes
393 3973 473 4026 nostri
492 3974 594 4028 codices
612 3973 722 4026 etheid.
758 3992 807 4026 ose.
842 3991 914 4042 spon
932 3976 1069 4036 deuouere,
1096 3973 1181 4044 ipsum
1199 3979 1309 4028 verbum
1325 3974 1447 4043 concupi-

209 4048 218 4092 1
241 4044 384 4095 extraheret
407 4058 455 4113 pro
473 4041 544 4111 vulg.
562 4043 739 4096 extraheretur
762 4061 808 4096 ex·
842 4043 967 4105 scenitae,
990 4042 1115 4096 ccclesiae
1132 4043 1252 4113 patribus
1276 4061 1330 4096 non
1350 4041 1446 4096 Roma·

206 4108 307 4162 bibent.
843 4111 882 4164 nis
900 4111 1053 4164 auctoribus
1070 4111 1214 4175 usitatum
1236 4113 1282 4165 sed
1301 4111 1374 4192 quod
1391 4109 1446 4163 ma·

240 4181 315 4245 §.let
340 4188 431 4248 poeta
464 4179 550 4232 timum
569 4179 645 4246 diem]
674 4177 718 4232 Sic
736 4177 807 4231 vide·
842 4181 942 4232 nimum
964 4188 1006 4232 eet
1030 4177 1128 4232 violata
1151 4181 1215 4232 tides
1237 4179 1369 4234 codicibus
1386 4197 1446 4232 mse.

205 4245 285 4298 betur
300 4247 417 4300 corticum
453 4247 500 4300 ‹lee
519 4245 651 4317 postulare
668 4246 807 4300 uterribe-
841 4245 940 4300 debite.
969 4246 1121 4300 lncideraut
1139 4249 1270 4320 principes
1288 4249 1401 4302 editores
1418 4247 1447 4302 in

204 4325 292 4378 retur,
322 4333 380 4368 cum
402 4313 482 4385 vulgo
503 4325 574 4368 anset
593 4325 654 4384 post
674 4330 715 4368 vn
734 4318 806 4368 dies:
842 4315 922 4368 libros
939 4325 1086 4386 comptos,
1105 4333 1156 4369 nec
1170 4328 1258 4370 uunen
1272 4317 1298 4370 in
1313 4316 1446 4386 ulloquos

205 4384 324 4455 plerique
345 4384 417 4437 enim
436 4393 465 4437 et
486 4381 580 4454 optimi
597 4393 660 4452 post
679 4399 722 4438 vu
740 4387 806 4438 diem
841 4385 925 4440 adhue
939 4385 1118 4456 cognovimus,
1136 4385 1182 4438 illa
1191 4385 1270 4441 lectio
1283 4383 1387 4456 integra
1400 4402 1446 4437 ex·
