3350 5042
594 365 642 416 nn
668 363 796 418 casus
820 363 931 419 iiix.
957 366 1021 436 vn,
1049 365 1092 414 ιι.
1370 349 1441 422 341

166 555 345 625 abantur.
398 549 480 648 lpse
504 575 572 625 rex
599 548 693 622 cum'
708 549 852 622 delectis
879 551 1013 649 primus
1040 559 1155 624 ratem
1181 553 1305 642 solvit,
1344 566 1382 625 et
1407 554 1443 626 in

145 683 146 686 ’
202 661 317 760 ripam
344 659 447 760 dirigi
473 662 586 735 iussit.
640 659 707 733 Cui
733 657 889 757 Scythae
923 659 1087 734 admotos
1114 659 1257 736 ordines
1284 665 1443 760 equitum

203 776 239 846 in
266 774 382 872 primo
408 775 507 871 ripae
533 771 694 866 margine
721 784 922 867 opponunt,
961 783 1002 844 ut
1031 797 1077 844 ne
1104 773 1273 870 applicari
1300 774 1442 870 quidem

167 895 319 960 eterrae
346 896 442 958 rates
469 892 628 979 possent.
682 879 848 955 Ceterum
881 895 1022 980 praeter
1053 883 1145 954 hanc
1178 884 1332 978 speciem
1358 887 1443 982 ripis

201 996 437 1096 praesidentis
465 994 664 1082 exercitus,
702 995 827 1092 ingens
860 993 1069 1091 navigantes
1102 1004 1217 1065 terror
1242 995 1442 1069 invaserat:

203 1131 356 1203 namque
382 1128 527 1176 cursum
553 1106 822 1201 gubernatores,
848 1129 930 1177 cum
956 1105 1100 1199 obliquo
1118 1105 1263 1178 flumine
1289 1107 1443 1205 impelle·

203 1229 343 1307 rentur,
378 1239 503 1315 regere
528 1239 603 1286 non
628 1225 813 1312 poterant,
848 1215 1125 1311 vacillantesque
1151 1216 1296 1307 milites,
1334 1229 1443 1292 etue

168 1351 182 1394 r
203 1337 459 1402 excuterentur
485 1325 636 1415 solliciti,
662 1337 853 1398 nautarum
879 1325 1074 1398 ministeria
1099 1327 1345 1402 turbaverant.
1389 1329 1443 1404 Ne

203 1443 275 1516 tela
301 1440 444 1538 quidem
471 1437 591 1510 conati
616 1437 698 1509 nisu
724 1424 865 1511 vibrare
891 1447 1068 1534 poterant,
1094 1461 1176 1510 cum
1201 1440 1299 1536 prior
1325 1426 1444 1513 standi

203 1553 278 1625 sine
304 1549 473 1649 periculo,
500 1572 609 1646 quam
626 1547 768 1621 hostem
783 1547 984 1622 incessendi
1001 1571 1086 1620 cura
1103 1559 1207 1623 esset
1248 1550 1444 1626 Tormenta

204 1663 310 1737 saluti
335 1662 496 1751 fuerunt,
536 1659 664 1756 quibus
690 1659 727 1731 in
753 1661 931 1733 confertos
958 1684 1000 1733 ac
1026 1671 1161 1735 temere
1186 1687 1225 1736 se
1251 1664 1442 1736 offerentes

168 1771 301 1847 shaud
326 1774 462 1845 frustra
488 1793 642 1844 excussa
668 1781 754 1844 sunt
778 1774 859 1845 tela.
912 1769 1060 1845 Barbari
1092 1799 1233 1872 quoque
1261 1775 1443 1872 ingentem

204 1884 277 1956 vim
303 1883 516 1983 sagittarum
542 1881 711 1956 infudere·
730 1882 876 1956 ratibus.
913 1880 1057 1980 Vixque
1077 1886 1190 1958 ullum
1206 1887 1274 1960 fuit
1291 1896 1442 1978 scutum,

203 1994 301 2092 quod
328 2020 401 2067 non
427 1994 589 2093 pluribus
616 1994 722 2066 simul
748 1995 890 2092 spiculis
916 1995 1167 2092 perforaretur.

169 2125 184 2172 s
305 2104 453 2203 Iamque
477 2115 596 2178 terrae
621 2116 719 2178 rates
744 2106 1030 2204 applicabantur,
1062 2131 1144 2181 cum
1170 2106 1263 2180 acies
1290 2109 1492 2207 clipeata3l

203 2219 398 2316 consurgit,
425 2228 462 2291 et
488 2217 611 2289 hastas
639 2227 738 2292 certo
764 2218 846 2306 ictu,
872 2227 999 2314 utpote
1025 2218 1137 2290 libero
1163 2218 1260 2308 nisu,
1286 2219 1442 2293 mittite

201 2329 350 2404 ratibus.
395 2328 443 2402 Et
468 2338 511 2401 ut
535 2327 680 2402 territos
705 2328 985 2426 recipientesque
1010 2353 1120 2425 equos
1146 2327 1281 2420 videre,
1308 2330 1443 2404 alacres

198 2454 329 2515 mutua
361 2439 612 2514 adhortatione
642 2439 681 2512 in
713 2449 845 2512 terram
877 2437 1066 2514 desiluere.
1113 2438 1282 2514 Turbatis
1314 2441 1443 2514 acriter

153 2572 186 2622 ιο
202 2552 333 2652 pedem
367 2551 496 2624 inferre
528 2560 733 2649 coeperunt.
786 2549 955 2646 Equitum
992 2549 1121 2625 deinde
1157 2563 1313 2642 turmae,
1352 2577 1443 2649 quae

203 2664 361 2736 frenatos
401 2663 584 2736 habebant
629 2684 758 2758 equos,
803 2661 1006 2760 perfregere
1048 2662 1284 2736 barbarorum
1321 2664 1441 2738 aciem

204 2773 353 2848 Interim
378 2775 488 2849 ceteri
513 2774 656 2873 agmine
682 2769 925 2846 dimicantium
942 2774 1027 2846 tecti
1044 2783 1215 2871 aptavere
1233 2799 1272 2846 se
1289 2801 1442 2874 pugnae.

153 2904 184 2951 11
203 2884 285 2984 lpse
311 2910 393 2978 rex,
429 2884 528 2984 quod
554 2884 688 2984 vigoris
715 2907 823 2981 aegro
849 2882 967 2956 adhuc
993 2885 1134 2984 corpori
1161 2883 1301 2976 deerat,
1335 2887 1442 2960 animi

203 2997 373 3072 firmitate
404 2997 604 3096 supplebat
657 2991 743 3068 Vox
776 2993 1000 3069 adhortantis
1033 3022 1107 3069 non
1141 3006 1285 3096 poterat
1318 2995 1443 3088 audiri,
1497 3017 1503 3028 ’

203 3106 364 3182 nondum
401 3109 493 3181 bene
533 3105 691 3182 obducta
726 3106 885 3178 cicatrice
919 3106 1082 3198 cervicis,
1120 3105 1185 3180 sed
1216 3107 1444 3182 dimicantem

154 3239 185 3288 ia
205 3220 322 3293 cuncti
364 3220 546 3293 videbant
606 3217 732 3314 Itaque
772 3217 839 3314 ipsi
875 3216 1006 3290 ducmn
1040 3219 1281 3317 fungebantur
1315 3221 1442 3311 officio,

204 3445 283 3518 gandi
300 3446 528 3517 opportunitatem
541 3443 725 3500 nactiFlor.C
743 3461 809 3526 quae
843 3458 876 3494 ea
902 3441 988 3524 forma
1015 3443 1106 3524 utitur.
1141 3444 1212 3499 Vide
1238 3447 1272 3499 ad
1293 3461 1334 3513 rr,
1355 3451 1384 3500 12
1404 3463 1443 3518 pr.

203 3517 300 3569 olicae
322 3526 411 3582 aaut,
437 3515 510 3568 Flor.
529 3515 554 3568 E
570 3512 688 3568 Bern.B
710 3514 807 3566 obiectu
842 3510 913 3564 Nam
929 3513 1031 3566 codices
1049 3514 1154 3584 quidem
1195 3514 1242 3567 leri
1263 3531 1296 3568 ue
1318 3517 1443 3583 destitere,

205 3601 269 3637 cero
285 3584 413 3638 lecerunt.
842 3579 890 3633 reli
911 3580 937 3633 ui
960 3583 1066 3635 dadin
1082 3581 1153 3636 Flor.
1173 3531 1220 3636 liu
1242 3534 1353 3637 losse
1377 3583 1445 3637 sicut

239 3657 297 3722 §.t
333 3653 496 3706 cosenciae
514 3651 616 3704 uibrare
659 3649 753 3729 Coquti'
768 3648 807 3729 ri-
842 3649 873 3701 M
909 3651 948 3730 ‘us
965 3650 1056 3703 edidit.
1086 3650 1140 3704 Sed
1157 3649 1316 3705 infinitivum
1334 3651 1361 3705 in
1378 3647 1444 3706 acti·

204 3721 271 3776 mum
298 3719 494 3774 contentionem
525 3719 553 3772 in
583 3727 643 3772 teis
669 3718 806 3788 adigendts
841 3719 1140 3790 onccitopert'ectanon
1156 3727 1222 3790 puto
1235 3721 1320 3775 locuni
1337 3721 1443 3774 habere.

204 3799 266 3872 epte
283 3788 422 3860 significat
457 3789 533 3841 Nico
550 3787 630 3858 vulgo
647 3787 742 3851 editur,
760 3787 807 3840 sed
876 3789 899 3854 5.
919 3795 960 3840 11.
994 3789 1097 3857 corpori
1117 3791 1205 3842 demut
1250 3789 1340 3870 llulgo
1361 3789 1446 3869 edunt

204 3855 807 3992 tttltttllttsslttdfflii'ft
842 3857 1444 4005 “⁰'ttltit'1’t'ttbiti3t'iittt

204 3998 274 4062 nist,
300 3993 373 4048 Flor.
399 3994 426 4046 H
451 3993 532 4070 liam.
559 3993 656 4066 Biibi'
681 3994 809 4073 secentur.
843 4002 1035 4075 opponeretur,
1057 3994 1132 4074 quod·
1149 4011 1204 4073 uon
1226 4003 1355 4075 conyemt
1381 3993 1444 4074 ⁸lta-

205 4063 307 4119 Maiore
324 4063 407 4116 etlam
425 4079 553 4117 consensu
566 4061 808 4144 paulopostmscq.
844 4077 897 4131 que
913 4079 1015 4132 corpora
1031 4078 1047 4114 c
1064 4061 1182 4184 plurimis
1194 4070 1355 4150 optimisque
1370 4062 1444 4116 libris

205 4151 262 4254 pap.
272 4151 323 4204 pro
333 4131 404 4253 virgg.
417 4135 481 4212 niza
495 4129 619 4252 mimir
635 4149 704 4252 ipsu:
721 4129 809 4251 gano
842 4129 1007 4252 Ιιιιίιὶιιόἰιὲ.8
1013 4138 1025 4183 1
1041 4130 1112 4210 For.
1122 4129 1270 4212 aurici·
1280 4130 1445 4253 cuffiodip

204 4211 514 4340 illitittf‘ffi
551 4208 619 4254 ⁰⁰⁸¹⁸
660 4217 704 4252 Μ’
756 4207 808 4252 ¹‘⁰'
842 4207 1306 4338 hill¹'is1‘ail⁸l⁰0a”.'l⁰‚”ii,¹¹ti
1328 4239 1443 4322 iiras.

240 4337 359 4409 Οιιρ.37,
378 4341 401 4407 ξ.
416 4345 440 4392 9.
476 4340 613 4406 desiluere]
641 4335 686 4391 Sic
703 4335 756 4390 h.l.
774 4336 808 4388 de
843 4337 870 4388 H
888 4336 968 4389 Bern.
986 4335 1020 4403 B,
1038 4337 1084 4389 sed
1103 4337 1167 4389 haec
1184 4344 1246 4388 suut
1264 4337 1366 4389 menda

205 4407 357 4461 coniectura
375 4406 542 4460 scribendum
564 4415 638 4486 erat,
668 4405 732 4486 quia
751 4404 808 4484 filiis
878 4409 901 4471 s.
913 4410 953 4459 12.
974 4407 1066 4486 Itaque
1082 4406 1135 4484 ippi
1147 4405 1334 4486 ‘²“9tms2‘32t
1347 4405 1443 4486 qsficio]

205 4473 268 4530 locis
290 4473 398 4528 Curtius
419 4493 479 4528 cum
502 4474 609 4546 optimis
635 4475 808 4546 scriptoribus
844 4473 983 4527 Adiectum
997 4473 1095 4544 legitur
1107 4473 1225 4527 ineditis
1243 4491 1295 4543 ipsi
1312 4476 1444 4542 quidem,
