3350 5042
612 351 661 402 mr
688 351 814 405 casus
840 353 948 405 max.
975 352 1025 422 vr,
1052 349 1092 398 42.
1399 331 1473 404 281

185 555 218 602 15
238 557 380 631 quoque
393 531 537 610 diceret
572 535 669 610 Dum
694 537 892 636 corripitur,
919 537 1005 610 dum
1031 535 1235 632 obligantur
1261 536 1363 628 oculi,
1390 534 1477 608 dum

237 645 350 719 vestis
377 648 531 738 exuitur,
558 647 645 719 deos
671 649 816 746 patrios,
830 649 990 744 gentium
1016 649 1093 719 iura
1119 647 1354 743 nequicquam
1378 646 1477 746 apud

240 755 368 829 surdas
395 783 501 831 aures
527 759 728 832 invocabat
781 759 851 830 Per
877 759 1019 832 ultimos
1047 757 1175 830 deinde
1202 759 1395 849 cruciatus,
1422 769 1476 831 ut-

239 880 323 966 pote
357 881 396 942 et
429 867 637 959 darmatas,
674 881 711 943 et
741 868 888 942 inimicis
920 869 956 940 in
982 869 1133 966 gratiam
1160 869 1253 967 regis
1281 871 1475 966 torquenti-

187 997 218 1044 m
238 979 317 1068 bus,
344 979 531 1051 laceratur.
583 978 638 1053 Ac
664 980 777 1077 primo
803 1004 1018 1077 quamquam
1043 979 1125 1051 hinc
1151 981 1252 1076 ignis,
1280 980 1373 1052 illinc
1399 1007 1477 1054 ver·

239 1091 335 1178 bera,
362 1089 433 1162 iam
446 1114 519 1164 non
532 1090 579 1164 ad
592 1091 846 1187 quaestionem,
872 1089 936 1163 sed
962 1091 1009 1162 ad
1034 1115 1187 1188 poenam
1212 1092 1477 1188 ingerebantur,

240 1224 314 1272 nou
340 1224 467 1276 vocem
493 1201 620 1291 mod0,
660 1201 857 1276 sedetiam
882 1203 1035 1300 gemitus
1061 1201 1187 1276 babuit
1213 1203 1249 1274 in
1275 1213 1476 1300 potestate3

189 1330 219 1376 1⁷
240 1310 304 1384 sed
329 1323 522 1411 postquam
548 1313 786 1386 intumescens
813 1337 942 1412 eorpus
958 1313 1133 1385 ulceribus
1149 1314 1371 1412 flagellorum
1386 1313 1477 1387 ictus
1546 1303 1553 1314 ’

238 1421 343 1495 nudis
371 1425 512 1497 ossibus
538 1423 699 1498 incussos
718 1425 810 1498 ferre
827 1453 900 1500 non
916 1434 1067 1523 poterat,
1084 1421 1124 1498 'si
1137 1426 1326 1498 tormentis
1342 1426 1477 1499 adhibi·

239 1534 311 1605 turi
326 1533 474 1608 modum
485 1543 616 1624 essent,
630 1535 807 1608 dicturum
834 1563 882 1628 se,
908 1561 999 1634 quae
1025 1536 1115 1612 scire
1129 1548 1351 1635 expeterent,
1377 1539 1476 1636 polli-

239 1655 350 1718 cetur.
391 1643 464 1719 Sed
488 1645 596 1719 finem
622 1649 821 1743 quaestioni
846 1650 932 1738 fore,
958 1649 1074 1721 iurare
1101 1672 1162 1721 cos
1188 1672 1254 1747 per
1279 1648 1477 1723 Alexandri

75 1759 79 1764 '
189 1775 222 1822 aa
240 1756 393 1830 salutem
404 1757 560 1847 volebat,
587 1758 832 1855 removerique
843 1770 1007 1835 tortores.
1039 1759 1087 1833 Et
1104 1769 1257 1857 utroque
1274 1759 1476 1858 impetrato,

189 1885 221 1934 19
241 1864 394 1961 Credere,
428 1869 558 1965 inquit,
593 1870 649 1944 die
683 1870 766 1970 quid
797 1896 850 1945 me
883 1872 964 1966 celas
997 1872 1114 1947 elmere.
1167 1867 1233 1943 lllo
1268 1871 1477 1970 indignante

239 1977 412 2053 ludificari
439 2003 532 2070 eum,
559 2005 753 2078 rursusque
778 1994 970 2056 revocante
995 1993 1161 2073 tortores,
1185 1991 1329 2080 tempus
1355 1993 1478 2081 petere

239 2089 367 2188 eoepit,
385 2089 473 2164 dum
490 2092 666 2190 reciperet
679 2093 851 2191 spiritum,
878 2103 1006 2167 cuncta
1019 2119 1110 2192 quae
1123 2095 1229 2168 sciret
1246 2094 1476 2170 indicaturus.

187 2217 222 2267 2⁰
344 2199 491 2275 Interim
518 2203 665 2300 equites,
678 2205 916 2279 nobilissimus
943 2207 1101 2303 quisque,
1115 2216 1152 2280 et
1177 2207 1200 2278 ii
1226 2207 1390 2298 maxime,
1417 2207 1478 2304 qui

241 2310 516 2388 Parmenionem
541 2315 742 2413 propinqua
767 2319 979 2414 cognatione
1005 2317 1269 2416 contingebant,
1287 2328 1479 2417 postquam

241 2422 423 2499 Philotam
450 2426 609 2522 torqueri
634 2425 730 2500 fama
755 2428 981 2526 vulgaverat,
1013 2431 1128 2528 legem
1152 2427 1391 2504 Macedonum
1416 2456 1476 2504 ve·

241 2535 317 2624 riti,
341 2563 425 2635 -qua
450 2548 595 2611 cautum
622 2548 714 2630 crat,
748 2548 790 2612 ut
814 2541 1003 2640 propinqui
1038 2565 1175 2630 eorum,
1211 2540 1271 2637 qui
1296 2541 1372 2638 regi
1397 2542 1480 2642 lusis

243 2645 330 2719 diati
358 2661 493 2742 essent,
510 2675 610 2752 'oum
635 2651 721 2749 ipsis
747 2641 977 2742 necarentur,
1010 2651 1068 2725 alii
1093 2676 1133 2724 se
1158 2650 1393 2740 interficiunt,
1421 2649 1494 2724 alii*

244 2758 279 2830 in
306 2757 431 2834 devios
457 2772 598 2835 montes
625 2773 817 2860 vastasque
843 2763 1050 2837 solitudines
1076 2763 1226 2862 fugiunt,
1252 2761 1388 2858 ingenti
1414 2789 1480 2860 per
1584 2821 1586 2830 ,

242 2880 321 2943 tota
347 2883 466 2945 castra
491 2883 629 2947 terrore
655 2871 801 2986 drffir'
829 2874 943 2948 donec
969 2901 1044 2964 rex,
1071 2866 1226 2947 tumultu
1252 2873 1406 2972 cognito,
1433 2874 1480 2947 le·

129 3067 133 3082 Ι
243 3007 326 3080 gem
352 2983 398 3058 de
425 2985 598 3083 supplicio
624 2985 894 3061 coniunctorum
919 2987 1118 3062 insontibus
1143 2985 1325 3058 remittere
1352 2983 1474 3060 edixit

278 3240 302 3358 ῗ.
326 3243 367 3291 15.
407 3241 477 3294 Danu
508 3239 664 3308 corripitur,
692 3241 759 3292 dmn.
800 3239 846 3293 Sic
880 3241 950 3294 Num
968 3240 1017 3293 ctsi
1028 3239 1168 3310 aliquando
1186 3241 1268 3308 inquit
1277 3239 1380 3292 adiecto
1389 3237 1481 3292 dativo

243 3323 324 3375 rugo
341 3307 421 3360 oliti:
448 3307 540 3360 sedin
557 3307 631 3360 codd.
650 3325 710 3360 mss.
727 3309 846 3362 omnbus
880 3308 987 3380 legitur,
1005 3307 1077 3361 cuius
1094 3308 1202 3362 rationis
1220 3306 1340 3378 exempla
1357 3307 1482 3360 l'orcelli·

243 3373 366 3429 adiicitur
383 3376 459 3430 alteri
479 3379 540 3429 darm
549 3374 697 3430 coniunctio
707 3387 736 3429 et.
761 3377 846 3441 Quam
881 3397 928 3431 nus
946 3387 974 3430 ot
990 3377 1137 3430 Scbellems
1154 3377 1182 3429 in
1200 3375 1289 3429 lexicis
1307 3376 1416 3428 laudant
1430 3375 1482 3430 ca-

243 3443 348 3514 quidcm
373 3461 405 3499 co
427 3445 484 3499 loco
506 3444 567 3497 seni
591 3462 644 3498 nou
666 3461 739 3515 posse
761 3453 845 3515 patat,
880 3447 938 3500 tull.
959 3461 993 3512 x,
1011 3453 1042 3498 Ἡ
1071 3447 1164 3516 inquii.
1174 3446 1296 3526 praellae,
1318 3452 1347 3496 et
1369 3443 1425 3498 Cic.
1448 3445 1482 3498 ad
1564 3465 1567 3470 ⁴

243 3528 305 3565 nec¹
321 3513 448 3568 Modiana
473 3513 560 3580 ratio,
584 3519 616 3565 ut
642 3513 753 3583 primum
773 3515 846 3579 Timr,
880 3521 1015 3580 lltt.v,l.
1033 3515 1086 3580 En,
1104 3515 1200 3583 inquot,
1217 3513 1290 3573 miti,
1308 3513 1402 3583 quibus
1412 3513 1482 3566 addo

242 3580 338 3634 deinde
355 3583 498 3635 seeundum
515 3591 670 3634 consensum
687 3581 805 3635 codicum
823 3593 846 3635 et
881 3583 989 3637 tortium
1008 3581 1063 3637 (lio.
1080 3591 1148 3635 orat.
1164 3600 1191 3662 p.
1206 3580 1276 3634 lldur.
1287 3587 1319 3635 29
1338 3584 1420 3652 inquit
1437 3583 1483 3634 ille

244 3651 305 3701 dum
333 3649 478 3716 scribatur,
508 3649 673 3734 probabitur.
717 3649 846 3721 Equidem
871 3653 1021 3723 fortissimo
1039 3653 1094 3704 uiro
1112 3667 1199 3704 sentos·
1216 3653 1356 3730 magister,
1381 3649 1482 3702 nullum

262 3717 331 3770 riorc
348 3719 464 3772 editione
487 3719 525 3771 lat
542 3717 622 3790 priori
639 3721 701 3771 dum
717 3719 845 3788 praemisi.
881 3730 968 3774 turen
996 3721 1079 3774 locum
1108 3718 1188 3786 novi,
1223 3719 1267 3772 ubi
1295 3717 1482 3789 praemittatur

272 3803 322 3840 unc
340 3787 373 3840 ad
391 3788 528 3860 vulgatam
545 3787 639 3854 redeo,
658 3795 687 3840 ct
705 3787 768 3842 tollo
785 3805 846 3842 con-
880 3789 992 3842 dativus.

244 3853 413 3910 iunctiouom.
915 3861 938 3926 ξ.
951 3865 992 3910 20.
1014 3875 1099 3910 cornua
1117 3858 1163 3926 qui
1179 3857 1237 3925 repi
1252 3857 1375 3908 insidiati
1389 3866 1481 3910 essent.

277 3933 363 3992 aequate
386 3935 410 3977 et
438 3927 578 3977 dornnotua
611 3933 643 3976 et.
696 3923 848 3978 Omiscrunt
882 3925 1084 3980 Coniunctivum
1102 3936 1195 3990 essent,
1213 3940 1292 3996 quem
1308 3923 1378 3977 ratio
1392 3932 1483 3994 postu-

243 3991 314 4063 prius
344 4003 368 4046 et
399 3993 514 4046 editores
549 3992 726 4058 recentiores,
769 3993 847 4060 male,
882 3995 933 4059 lat,
962 4011 1051 4048 omnes
1078 3993 1137 4047 libri
1163 3993 1213 4046 mei
1240 4011 1271 4046 ae
1296 3992 1431 4045 Snakenb.
1452 4001 1482 4046 et

243 4077 303 4114 uam
321 4069 350 4114 ct
367 4061 500 4114 invenitur
517 4060 544 4114 iu
562 4060 636 4114 codd.
655 4061 760 4131 optimis
784 4066 847 4127 (oo-
883 4062 1006 4116 Modiana
1023 4062 1104 4116 editio
1122 4061 1255 4114 exhibent.
1292 4060 1380 4132 Vulgo
1398 4071 1481 4115 crant

242 4129 304 4182 stris
358 4129 444 4182 uidem
480 4131 560 4183 Bern.
588 4130 614 4181 A
641 4128 712 4182 Flor.
736 4129 845 4195 ABCG,
882 4131 935 4184 Pro
956 4148 988 4184 eo
1009 4133 1079 4203 quod
1102 4139 1143 4184 est
1166 4149 1222 4184 omn
1241 4133 1252 4181 i
1270 4132 1309 4182 sis
1327 4141 1482 4183 ucenrcotm·

243 4196 350 4252 Snakcn
370 4198 438 4268 urgii
455 4198 555 4264 tribus,
574 4197 632 4250 Pal.
650 4199 680 4265 3)
697 4205 726 4251 ct
742 4198 777 4251 ad
794 4198 846 4251 cle·
881 4200 1023 4253 doteriores
1046 4199 1104 4253 libri
1123 4199 1194 4253 Flor.
1218 4149 1336 4251 DllFlll
1359 4199 1439 4251 Born.
1457 4199 1481 4251 B

242 4267 360 4335 gantiam
378 4267 504 4321 scnnonis
522 4265 646 4338 pertinet.
880 4279 1081 4322 continuarentur
1100 4269 1203 4320 habeut.

278 4337 300 4402 ς.
322 4341 361 4389 18.
383 4335 490 4390 Cratero
500 4338 591 4408 inquit.
610 4335 654 4389 Sic
663 4335 845 4406 corrigendum
915 4341 993 4405 tepere
1016 4341 1047 4391 de
1068 4339 1196 4406 supplicio
1222 4337 1415 4388 coniunctomm
1441 4338 1481 4388 in-

243 4404 344 4474 putari,
362 4422 421 4458 cum
440 4406 573 4476 bucusque
591 4421 681 4458 omncs
698 4405 845 4458 sineollcn-
880 4409 995 4460 sontibus
1010 4408 1144 4459 remunero.
1180 4404 1291 4458 Comari
1308 4404 1378 4456 bunc
1396 4403 1482 4458 locum

243 4471 315 4526 sione
324 4475 424 4544 fallor,
443 4483 488 4528 aut
499 4475 610 4529 Cratero
620 4476 704 4546 inquit
713 4472 843 4545 legissent,
879 4475 958 4546 paulo
976 4474 1107 4542 audacius,
1126 4471 1191 4526 nibil
1209 4481 1298 4526 tamen
1316 4491 1331 4526 a
1350 4473 1482 4527 veteribus
