3384 5056
154 311 157 316 ’
240 315 316 387 ast
726 279 761 390 αξ
783 325 906 380 cunrrr
930 325 1014 378 nuri
1102 303 1105 310 '

376 443 396 481 θ

241 513 359 584 diooas
386 519 423 582 et
448 509 662 588 Leonnatus.
714 511 785 588 Per
809 513 875 586 hos
901 513 1124 608 imperatum,
1150 522 1192 584 ut
1217 512 1279 608 qui
1304 509 1352 584 ad
1378 533 1479 608 prae·

241 621 373 695 torium
398 623 641 716 excubabant,
673 627 800 698 armati
829 624 1028 718 vigilarent
1081 619 1156 692 lam
1182 621 1230 693 ad
1255 647 1380 696 omnes
1406 618 1479 692 adi·
1499 636 1536 685 18

241 741 300 804 tus
336 731 497 832 dispositi
529 744 633 809 erant
667 736 820 830 equites,
856 731 983 802 itinera
1015 751 1156 823 quoque
1191 729 1358 806 obsidere
1383 731 1479 818 iussi,

202 863 207 870 ·
242 845 392 941 nequis
428 847 475 920 ad
501 847 789 930 Parmenionem,
821 840 881 935 qui
914 850 992 911 tum
1017 835 1157 912 Mediae
1186 839 1397 936 magnisque
1421 865 1479 912 co·

242 956 308 1054 piis
335 967 510 1054 praeerat,
536 954 696 1027 occultus
722 948 900 1022 evaderet
939 949 1128 1022 Atbarriaa
1154 959 1276 1022 autem
1301 973 1385 1022 cum
1410 961 1480 1021 tre-
1501 969 1536 1015 ra

243 1066 356 1138 uentis
382 1064 527 1138 minatis
554 1063 751 1134 intraverat
775 1061 923 1156 regiam:
950 1059 1032 1130 huic
1058 1058 1182 1132 decem
1209 1062 1381 1136 satellites
1408 1071 1479 1132 tra·

243 1174 394 1262 duntur,
429 1195 581 1269 quonrm
613 1171 770 1268 singulos
805 1168 887 1244 deni
924 1168 1091 1265 armigeri
1127 1171 1379 1264 sequebantur.
1431 1169 1480 1242 Hi
1498 1188 1536 1236 aa

243 1282 292 1356 ed
317 1283 405 1354 alios
431 1282 634 1356 coniuratos
647 1277 998 1380 comprehendendos
1016 1277 1197 1352 distributi
1223 1291 1324 1352 sunt:
1350 1279 1482 1353 Athar·

245 1394 335 1483 rias,
374 1417 455 1465 cum
495 1394 664 1466 trecentis
698 1393 746 1465 ad
770 1391 949 1466 Philotam
980 1391 1120 1481 missus,
1152 1390 1313 1464 clausum
1345 1389 1483 1462 aditum

246 1504 374 1579 domus
420 1503 650 1594 moliebatur,
696 1502 951 1600 quinquaginta
994 1502 1164 1575 iuvenum
1208 1500 1484 1599 promptissimis

244 1615 414 1714 stipatus3
446 1639 531 1688 nam
557 1624 694 1688 ceteros
721 1615 860 1710 cingere
886 1611 1043 1707 undique
1068 1610 1215 1684 domum
1240 1611 1410 1698 iusserat,
1435 1635 1483 1682 ne

246 1727 386 1810 occulto
421 1723 522 1797 aditu
547 1722 708 1796 Philotas
739 1733 861 1820 posset
892 1722 993 1795 elabi.
1047 1720 1160 1811 Illum,
1187 1722 1264 1794 sive
1289 1721 1483 1794 securitate
1501 1739 1536 1788 ar

246 1835 364 1924 animi,
378 1835 455 1908 sive
467 1833 675 1932 fatigatione
700 1835 905 1924 resolutum,
927 1857 1073 1906 somnus
1100 1842 1348 1932 oppresserat;
1376 1855 1484 1927 quem

135 1945 143 1959 ”
246 1945 435 2031 Atharrias
464 1955 672 2042 ¹torpentem
713 1943 830 2017 adbuc
863 1953 1024 2042 occupat
1090 1941 1252 2016 Tandem
1286 1941 1319 2015 ei
1353 1965 1486 2039 sopore
1504 1960 1539 2006 2²

247 2055 409 2130 discusso
441 2080 523 2129 cum
556 2055 782 2130 iniicerentur
816 2065 978 2143 catenae,
1013 2051 1119 2142 Vicit,
1146 2053 1278 2148 inquit,
1311 2053 1486 2127 bouitutm

143 2223 147 2233 -
203 2249 207 2254 ,
250 2181 352 2260 tuens,
376 2193 446 2259 aaa,
459 2167 670 2242 iaimtbotwu
693 2189 840 2240 numan
865 2165 1033 2239 aarum.
1072 2162 1148 2239 Nec
1174 2165 1278 2260 plura
1302 2163 1485 2236 elocutum

250 2278 367 2376 capite
394 2278 513 2368 velato
539 2277 576 2350 in
602 2277 736 2374 regiam
760 2274 951 2349 adducunt

250 2442 343 2498 summi
356 2425 577 2522 praefectiquasi
587 2441 733 2523 praetorio,
751 2449 850 2512 septam
883 2441 975 2494 uuiaet
985 2441 1201 2520 itineraqupqus)
1218 2435 1376 2520 incautique
1392 2437 1489 2519 omisso

250 2527 374 2660 arur
391 2512 435 2632 tr
470 2511 551 2631 tu
568 2510 852 2658 ‘grauun
884 2510 970 2632 aa
984 2516 1310 2657 ,aaa
1331 2515 1403 2562 ”u
1418 2507 1489 2560 ,t

251 2663 322 2700 nune
338 2647 514 2718 appellantur,
532 2655 595 2700 sunt
611 2645 707 2717 reliqui
720 2663 851 2715 copiarum
920 2649 943 2711 ς.
954 2651 994 2698 19.
1011 2645 1072 2697 truc
1089 2647 1174 2697 decem
1192 2645 1318 2697 mellitas
1335 2643 1398 2712 eet]
1416 2641 1489 2698 Dum

251 2717 333 2770 duoea
349 2716 393 2786 qui
415 2733 468 2770 non
492 2722 570 2768 eraut
591 2714 706 2786 eorporis
723 2714 852 2780 custodes,
886 2712 990 2784 singula
1006 2711 1131 2767 describit
1143 2711 1253 2766 Curtius
1270 2729 1322 2764 uon
1339 2711 1434 2764 mirum
1447 2721 1490 2763 est

252 2783 379 2838 cruens
401 2791 429 2836 et
452 2781 557 2837 Coenus
583 2781 691 2852 singulis
708 2779 853 2851 legionibus
886 2779 1103 2835 eumiuGraaois
1120 2777 1268 2833 nominibus
1284 2777 1489 2850 interpretandis

252 2849 376 2919 (τάξεσι)
393 2850 513 2921 peditum
530 2849 770 2913 Mmtlonlcorum,
794 2855 853 2901 τῶν
887 2849 990 2920 lapsum
1006 2865 1071 2902 ΘΜ.
1087 2845 1381 2902 Neodeoemntelllbes
1389 2846 1489 2898 Abitur-

254 2922 437 2990 πεζεταίρων,
456 2917 726 2988 praefecti(vide1v,
745 2923 853 2970 sutum
887 2917 942 2970 riae
963 2917 1009 2982 (de
1026 2915 1155 2986 scriptura
1171 2914 1285 2969 nominis
1311 2914 1343 2968 cs.
1361 2931 1442 2984 supra
1459 2929 1488 2980 ν,

254 2987 349 3053 notis);
384 2985 430 3039 Eri
469 2986 507 3038 'us
533 2985 666 3065 equitibus
689 2984 854 3038 mercenariis
889 2988 917 3052 ⁷)
935 3000 998 3037 vere
1014 2991 1125 3054 possuut
1141 2999 1198 3036 ease
1215 2982 1317 3048 traditi,
1334 2981 1433 3062 quippe
1445 2980 1490 3062 qui

253 3062 384 3125 praeerat.
419 3003 584 3123 &beatio
605 3070 684 3124 quam
709 3051 854 3123 praefectu-
888 3053 922 3104 ad
939 3051 991 3106 alia
1007 3050 1115 3121 segode
1130 3051 1300 3122 armands,
1317 3049 1384 3104 alios
1400 3067 1490 3104 couru-

255 3140 311 3176 ram
328 3131 385 3176 tum
403 3121 525 3175 babuerit
542 3121 688 3192 ignoratur,
707 3137 738 3172 sc
751 3119 855 3174 videtur
888 3127 960 3174 ratos
985 3119 1244 3189 comprehendendos
1261 3117 1360 3171 dimissi
1385 3117 1490 3170 fircdut.

255 3189 355 3243 nullum
385 3199 485 3242 eertum
516 3190 602 3243 locum
628 3189 748 3244 babuisse
773 3188 800 3242 in
826 3205 855 3241 re
888 3187 984 3257 Itaque
1001 3187 1045 3241 ille
1062 3193 1167 3240 tanturn
1187 3203 1315 3240 summam
1340 3184 1379 3238 rei
1402 3201 1491 3237 curam

255 3257 363 3312 militari
389 3257 512 3328 quidem,
543 3257 666 3328 quoniam
696 3255 761 3310 nibil
786 3256 858 3310 aliud
891 3255 995 3308 videtur
1019 3253 1139 3307 babuisse
1164 3254 1308 3324 ceterisque
1341 3252 1491 3324 praefuisse.

255 3324 306 3378 nisi
322 3324 420 3378 amicus
477 3324 667 3396 isappellsturr
684 3323 856 3389 moxhabuit,
891 3323 987 3402 Neque
1008 3321 1073 3392 quid
1098 3321 1204 3375 intersit
1228 3321 1297 3376 inter
1321 3319 1448 3374 satellites
1465 3328 1493 3373 et

255 3402 284 3473 et
305 3341 516 3463 σωματοῗιῇαε
542 3402 571 3446 at
594 3391 712 3462 equiturn
734 3391 858 3446 Macedo·
892 3406 1032 3459 armigeros
1066 3389 1097 3470 iq
1123 3397 1248 3469 promptu
1264 3398 1314 3443 est
1349 3388 1493 3468 Appellare

255 3479 373 3515 nieorum
395 3465 467 3529 (τῶν
485 3463 607 3528 ἑταίρων
632 3457 755 3526 ἱππέων)
803 3475 858 3512 rae-
891 3467 1005 3528 utroque
1027 3473 1133 3512 nomine
1155 3455 1264 3512 Curtius
1284 3455 1353 3512 solet
1377 3474 1422 3511 ωε
1447 3475 1493 3527 qut

253 3530 339 3592 ,sectus
356 3546 410 3582 una
426 3547 485 3584 cum
504 3527 576 3582 Clito
593 3526 620 3580 in
640 3527 727 3580 locum
738 3478 859 3580 Philotae
893 3525 995 3580 Graece
1011 3535 1074 3580 sunt
1091 3524 1277 3586 ὑπασπισταὶ,
1303 3543 1370 3596 quos
1386 3525 1493 3580 eosdm

255 3597 402 3651 institutus.
454 3667 459 3678 1
729 3661 736 3674 .
892 3595 926 3647 ad
944 3593 1271 3675 praetoriumtexcubssse
1287 3591 1427 3672 vepisimile
1442 3601 1493 3648 est.

255 3665 516 3813 edibili&
536 3661 858 3811 rttlstttattttff
891 3663 988 3810 {titt
1001 3661 1493 3808 ttltttttutltttft

257 3801 329 3872 grani
346 3802 445 3854 babent
460 3800 509 3854 nisi
526 3799 597 3853 forts
614 3800 722 3855 vostr
743 3817 788 3870 qur
804 3817 857 3853 nou
891 3817 936 3870 qur
960 3800 993 3851 ab
1015 3799 1129 3850 Arriano
1154 3811 1188 3860 ν,
1214 3805 1260 3862 13,
1287 3797 1494 3868 t·appeltantur

230 3877 484 3924 'commemoratur
526 3867 596 3921 Edd.
627 3877 693 3922 vett.
766 3884 799 3921 uc
824 3867 858 3920 ad
892 3884 971 3938 supra
987 3883 1081 3936 agema
1096 3870 1157 3918 τῶν
1174 3865 1370 3928 intentaretur,
1380 3874 1420 3930 ut,
1434 3883 1493 3918 erun

258 3937 379 3992 Modiam
401 3939 475 3989 irrata
502 3935 701 3989 substituerunt
822 3938 859 3988 ad
892 3951 984 4004 agema
1004 3951 1039 3988 ex
1064 3931 1167 4013 aliquot
1182 3931 1286 3986 milibus
1305 3933 1494 4002 arurigmorurn

258 4005 341 4075 magis
358 4021 393 4058 ax
409 4021 459 4056 usu
475 4003 616 4084 scriptoris.
893 4001 1056 4069 consuerit,
1078 4019 1161 4072 pruma
1183 4001 1277 4054 eobors
1295 3999 1494 4070 probatissimo·

292 4079 314 4140 ἦ.
334 4078 375 4126 18.
410 4073 453 4125 dit
486 4073 624 4126 struerent
641 4073 746 4139 quita,
764 4074 858 4125 itinera
893 4089 951 4124 ntm
967 4071 1079 4124 militum
1090 4067 1232 4135 βασιλικοὶ
1243 4065 1419 4121 ὑπασπισταὶ
1430 4065 1494 4122 dicti

327 4144 367 4210 ue]
388 4139 432 4194 Sic
460 4139 509 4194 ‘bri
526 4139 600 4192 Laid
618 4139 692 4193 Voss.
712 4147 724 4192 1
745 4139 859 4193 Berua
894 4137 990 4192 suerint
1006 4138 1061 4192 aiva
1078 4155 1127 4218 pro
1146 4137 1184 4189 rie
1201 4137 1335 4189 satellites.

283 4209 330 4262 lor.
348 4207 459 4276 ABCG,
479 4207 561 4262 ceteri
579 4208 703 4276 drapoaiti
720 4219 794 4262 erant
811 4211 858 4260 mi·
927 4213 948 4274 5.
968 4215 1009 4261 20.
1045 4155 1231 4270 Hadriatico]
1267 4203 1358 4273 Vulgo
1376 4205 1404 4256 ii.
1435 4203 1494 4272 Ego

259 4279 317 4330 lites
334 4279 445 4346 equites,
467 4276 537 4329 unde
553 4277 652 4330 factum
668 4284 710 4328 eat
727 4277 857 4344 allodio,
893 4292 1046 4330 consensius
1059 4274 1177 4327 codicum
1188 4289 1305 4325 meorum
1314 4279 1420 4325 secutus
1428 4289 1494 4324 sum.

260 4344 332 4415 quod
362 4343 441 4412 vulgo
475 4344 563 4398 editur
597 4345 718 4412 dispositi
755 4347 857 4410 rutilitas,
927 4347 950 4411 ξ.
960 4350 1001 4396 22.
1018 4344 1182 4395 inimicorum
1190 4341 1494 4406 antomon-elocuturs]

260 4415 357 4484 equites
375 4429 475 4482 quoque
492 4415 586 4466 itincre
605 4417 677 4480 (cum
692 4411 858 4466 tantulus.
892 4413 1012 4466 Macrian
1029 4409 1119 4464 addidi
1129 4405 1304 4464 exFlor.AG
1326 4407 1402 4461 leid.
1419 4407 1497 4462 Voss.
