3336 5066
579 331 631 384 na
658 331 787 386 onsrrs
813 329 923 380 aasz
949 329 986 398 v,
1012 326 1039 380 s.
1357 307 1429 380 177

100 583 105 592 .
172 515 292 585 imum
316 510 475 609 gradum
501 541 576 588 non
602 517 864 611 contingerent
889 509 1162 607 unusexregiis
1187 510 1306 606 pueris
1332 535 1430 586 men·

123 645 156 691 14
174 647 257 694 sam
284 621 452 699 subdidit
476 627 641 724 pedibus.
694 623 852 697 Etcum
883 621 1099 720 spadonem,
1135 619 1194 717 qui
1219 617 1328 695 Darei
1354 625 1427 698 fue·

174 743 246 824 rat,
274 734 573 833 ingemiscentem
600 735 852 830 conspexisset
878 758 955 821 rex,
982 757 1126 804 causam
1151 732 1349 804 maestitiae
1375 753 1429 806 re·

173 845 337 940 quisivit.
391 843 456 916 Ille
491 841 642 935 indicat,
677 844 837 919 Dareum
871 843 968 916 vesci
995 844 1030 913 in
1058 867 1101 913 ea
1126 840 1286 931 solitum,
1319 869 1429 942 seque

173 981 321 1029 sacram
347 954 425 1024 eius
451 977 614 1028 mensam
641 957 689 1028 ad
715 957 906 1028 ludibrium
933 950 1148 1024 recidentem
1173 950 1249 1024 sine
1276 953 1428 1027 lacrimis

122 1086 154 1132 rs
174 1066 390 1162 conspicere
416 1089 492 1138 non
519 1091 638 1164 posse.
692 1063 811 1138 Subiit
845 1089 932 1162 ergo
967 1087 1087 1159 regem
1114 1058 1328 1136 verecundis
1353 1051 1438 1132 vio·⁴

133 1195 137 1202 ·
173 1173 278 1248 landi
303 1173 519 1273 hospitales·
535 1175 633 1248 deos.
686 1173 834 1271 Iamque
860 1174 1018 1248 subduci·
1043 1173 1206 1262 iubebat,
1238 1195 1319 1246 cum
1344 1168 1427 1242 Phi·

173 1287 292 1358 lotas:
318 1287 467 1361 Matiane
492 1311 570 1360 vero
594 1286 676 1358 ltuec
690 1286 827 1386 feceras
852 1311 921 1375 rac,
946 1285 1007 1358 sed
1031 1307 1126 1356 amsa
1150 1307 1276 1382 putoque
1301 1281 1424 1378 accipe,

171 1423 347 1490 marn,
381 1421 526 1496 ecqrta
560 1395 805 1472 &musta
839 1394 971 1494 epulas,
1006 1391 1427 1492 maspedtbusessesub·

173 1522 306 1582 wdffln.

122 1637 155 1686 ra
282 1616 376 1707 Rex,
402 1615 563 1690 Persidis
589 1617 699 1690 finem
724 1617 898 1704 aditurus,
925 1611 1018 1686 Susa
1043 1615 1169 1688 urbem
1193 1613 1371 1688 Archelao
1388 1623 1427 1686 et
1453 1613 1475 1684 9

173 1727 401 1826 praesidium
426 1750 469 1800 m
494 1729 633 1801 milium
659 1727 828 1801 tradidit:
870 1725 1073 1823 Xenophilo
1099 1725 1189 1796 arcis
1216 1749 1302 1798 cura
1327 1749 1425 1797 man·
1508 1806 1513 1822 ,

173 1839 268 1911 data
302 1850 374 1928 est,
409 1837 651 1912 Macedonum
677 1848 797 1912 aetate
822 1837 994 1936 gravibus
1020 1835 1223 1935 praesidere
1249 1836 1339 1910 arcis
1367 1859 1426 1908 cu·

123 1969 155 2016 rr
174 1948 321 2022 stadiae
356 1949 482 2022 iussis:
514 1949 769 2022 thesauromm
795 1947 975 2022 Callicrati
1007 1949 1122 2021 tutela
1146 1947 1339 2045 permissa:
1371 1971 1427 2020 sa·
1456 1971 1459 1976 ’
1505 1979 1509 1990 ·

173 2071 306 2158 trapea
336 2059 495 2156 regionis
522 2055 697 2134 Susianae
728 2061 896 2132 restituta
928 2058 1107 2132 Abulitae.
1159 2055 1312 2130 Matrem
1338 2082 1424 2154 quo

124 2187 157 2237 rs
175 2194 251 2268 que
281 2167 393 2242 Darei
427 2180 466 2242 et
503 2170 638 2244 liberos
671 2171 707 2242 in
742 2169 868 2243 eadem
908 2171 996 2244 urbe
1028 2169 1184 2269 deponit
1243 2166 1299 2243 Ac
1331 2169 1424 2242 forte
1478 2235 1482 2244 .

149 2277 432 2376 ¹lllacedonicas
459 2291 598 2371 vestes,
631 2282 853 2378 multamque
876 2307 1088 2380 purpuram,
1114 2278 1210 2353 dono
1236 2305 1283 2352 ex
1308 2277 1425 2352 Mace·

174 2390 289 2464 donia
314 2391 384 2464 sibi
410 2391 574 2484 missam,
601 2417 685 2466 cum
711 2393 783 2482 his,
818 2417 909 2490 quae
935 2393 1176 2479 confecerant,
1208 2389 1302 2463 tradi
1327 2387 1424 2488 Sisy·

169 2501 300 2602 ·gambi
335 2502 455 2577 iubet:
506 2504 604 2575 omni
639 2527 794 2600 namque
829 2497 965 2576 honore
1000 2525 1079 2575 eam
1114 2509 1153 2572 et
1185 2499 1246 2572 filii
1282 2525 1424 2599 quoque

123 2631 156 2680 19
175 2612 314 2712 pietate
340 2613 645 2711 prosequebatur:
672 2613 926 2710 admonerique
953 2613 1065 2702 iussit,
1090 2621 1134 2694 ut
1158 2610 1188 2682 si
1215 2611 1313 2684 cordi
1340 2637 1425 2708 quo·

175 2748 250 2822 que
284 2724 399 2796 vestis
433 2734 547 2815 esset,
583 2725 758 2798 conficere
792 2749 871 2796 eam
902 2737 1028 2822 neptes
1063 2745 1146 2794 suas
1174 2723 1422 2814 assuefaceret,

174 2835 348 2932 donoque
362 2859 403 2907 se
416 2833 566 2909 doceret
591 2835 688 2908 dare.
728 2834 787 2907 Ad
814 2835 906 2906 hanc
932 2859 1057 2907 vocem
1082 2833 1247 2905 lacrimae
1274 2833 1424 2906 obortae

211 3050 369 3174 Ἥ
389 3058 431 3106 rt.
465 3052 589 3132 Persidis
596 3051 683 3118 finem
700 3053 788 3130 aditu-
821 3053 897 3105 iussi.
932 3051 1016 3132 Iidem
1037 3059 1131 3123 postea
1152 3051 1266 3120 septenis
1286 3050 1424 3130 ‚Suriaque

174 3121 316 3259 aa,
335 3121 788 3259 tractamur
821 3122 996 3242 atter
1029 3120 1425 3256 ”tre

175 3265 239 3323 tur,
266 3274 327 3337 mm
349 3257 417 3338 editi
432 3259 508 3337 fines
531 3257 656 3338 habeant.
691 3256 788 3326 Neque
824 3258 914 3322 Susis,
932 3266 1072 3337 ct‘nomen
1090 3259 1207 3337 Abulites
1225 3255 1333 3336 Curtius
1356 3255 1425 3308 sicut

92 3339 98 3350 ·
174 3324 223 3378 ille
240 3326 289 3379 hac
305 3326 499 3396 nqmlicatrone
515 3327 600 3379 viden
618 3326 699 3378 debet
714 3343 789 3394 pror·
823 3334 1004 3396 patronymica
1032 3335 1079 3380 aut
1108 3326 1172 3379 talia
1195 3341 1315 3390 nomina,
1344 3323 1424 3446 quale

176 3411 224 3448 sua
241 3393 382 3460 insolitus;
400 3394 530 3448 Horatius
548 3394 619 3448 euim
641 3394 669 3446 in
691 3411 789 3447 senno-
823 3403 865 3446 est
885 3395 1028 3457 Thersites,
1051 3395 1194 3448 secundum
1217 3393 1327 3466 primam
1363 3391 1424 3446 ech·

175 3463 257 3516 nibus
280 3479 335 3516 non
359 3461 474 3515 multum
500 3479 517 3516 a
540 3463 644 3533 vulgari
670 3477 790 3516 annone
823 3462 957 3516 nationem
974 3463 1079 3517 videtur
1096 3464 1227 3517 semesae

175 3530 385 3584 abhorrentibus
402 3537 537 3598 11‚1‚85
562 3533 710 3586 Venusinus
728 3541 789 3584 orat
859 3535 883 3597 s.
905 3537 945 3585 18.
980 3551 1037 3585 aaa
1054 3535 1109 3598 lis,
1127 3549 1192 3602 quoe
1210 3540 1372 3603 confecerant
1388 3563 1425 3575 -

165 3600 256 3667 fineen
273 3599 321 3652 sub
338 3609 476 3668 atnonqae
493 3601 608 3666 ωὶοηω,
618 3607 648 3652 et
658 3601 729 3670 apud
746 3599 790 3652 Li·
825 3602 902 3668 iubet]
939 3600 1029 3671 Vulgo
1047 3618 1112 3670 quoe
1130 3619 1187 3652 eom
1205 3605 1271 3682 cons.
1289 3611 1318 3654 et
1336 3603 1423 3668 iussit,

176 3666 252 3719 vium
269 3666 395 3737 frequens
413 3675 472 3734 eat,
501 3667 548 3739 qui
564 3669 672 3738 scripsit
690 3683 735 3734 tx,
763 3675 789 3735 o,
824 3670 870 3721 aad
888 3686 944 3720 enm
962 3687 1051 3722 omnes
1068 3668 1128 3722 libri
1147 3670 1229 3722 nostri
1247 3679 1379 3740 ignorant,
1395 3679 1424 3722 et

179 3741 216 3789 10
232 3745 262 3787 ut
274 3737 471 3805 proficiscentes
485 3740 525 3790 od
528 3738 613 3803 finem
625 3739 789 3806 Conspectus
822 3738 914 3790 eadem
932 3737 1079 3792 constantia
1104 3747 1208 3808 tempus
1232 3757 1356 3808 praesens
1373 3756 1424 3810 pro

171 3815 411 3874 prosequerentur,
429 3819 563 3872 xxxvm,
584 3811 615 3858 15
634 3809 696 3874 quio
714 3808 788 3858 nullu
843 3806 968 3859 raeterito
986 3815 1103 3861 tuentur.
1129 3807 1184 3859 Sed
1201 3811 1425 3927 prote-offecerant

177 3873 277 3940 tepere
294 3873 425 3939 adfinem
439 3883 549 3942 praesto
557 3875 663 3944 suerat,
677 3891 789 3946 quorum
850 3882 932 3927 caat
957 3874 1026 3929 Flor.
1051 3873 1202 3928 CDEFGH
1238 3875 1318 3929 Bern.
1337 3877 1360 3929 B
1376 3879 1424 3945 se·

179 3939 298 3992 locorum
320 3941 355 3993 ad
378 3950 522 4011 utrumque
550 3943 688 4012 complura
710 3942 789 3996 eolle-
823 3943 1023 4008 ceram(Pal.1
1044 3961 1110 4014 quoe
1127 3961 1183 3996 eam
1198 3946 1339 4013 serment),
1357 3962 1424 4024 quo·

178 4016 280 4076 gerunt
297 4008 395 4062 eruditi
413 4008 583 4080 interpretes.
822 4029 881 4064 rum
907 4011 1032 4065 librorum
1057 4012 1201 4066 auctoritas
1218 4012 1263 4065 ubi
1280 4022 1424 4084 oppomtur

217 4077 289 4129 Saso
312 4079 412 4146 urbem]
453 4080 564 4132 Annoto
589 4095 680 4132 omnes
708 4079 788 4132 libros
822 4079 928 4151 iisquos
946 4080 1099 4135 litterisAB
1117 4080 1309 4151 designavimus
1326 4082 1424 4152 exigua

179 4161 253 4198 meos
271 4153 300 4198 et
316 4146 377 4198 edd.
394 4154 462 4200 vett
480 4156 543 4201 ante
560 4147 680 4201 Medium
691 4149 787 4200 Susam
822 4157 871 4201 eet.

179 4214 271 4266 orbern
289 4214 394 4268 habere
857 4222 882 4284 s.
902 4225 941 4272 19.
976 4221 1090 4287 donoque
1107 4236 1135 4272 se
1153 4222 1252 4273 meret
1270 4222 1345 4285 dore]
1371 4217 1424 4270 Mi-

215 4292 301 4335 oetote
315 4284 442 4354 previbus
459 4315 496 4325 -
513 4286 605 4353 iussis]
637 4285 682 4339 Sic
698 4303 788 4339 omncs
822 4305 881 4340 rum
908 4305 955 4340 cur
982 4288 1140 4342 recentiores
1165 4288 1279 4340 editores
1311 4295 1339 4340 ct
1366 4286 1423 4355 ipso

180 4350 274 4417 codd,
300 4351 436 4422 scriptoris
459 4352 543 4407 nostri
567 4371 666 4408 morem
684 4355 787 4409 dicendi
823 4356 929 4409 Medius
950 4357 984 4410 ab
1006 4358 1055 4410 hac
1072 4367 1162 4410 vetare
1179 4356 1291 4409 lectione
1309 4356 1424 4408 auctori·

180 4417 210 4471 iu
230 4433 262 4472 ea
284 4437 314 4474 re
342 4429 486 4476 servantes.
521 4421 612 4493 Vulgo
635 4441 731 4493 proves
753 4457 788 4468 -
823 4433 880 4480 tate
898 4425 1016 4480 codicum
1033 4426 1135 4480 tinuata
1152 4425 1265 4479 abierint
1282 4433 1311 4479 et
1326 4442 1423 4495 prono-

1201 4517 1232 4564 12
1352 4515 1357 4522 “
