3300 5044
229 251 304 322 510
695 265 729 328 u.
757 205 882 316 suarii
907 265 992 316 aum

176 459 178 462 ’
227 449 303 520 eius
329 445 497 520 custodes
523 447 559 519 iu
585 447 718 545 regiam
744 450 918 549 principes
936 452 1131 524 amicorum
1149 449 1329 544 ducesque
1349 447 1464 545 copia·

228 581 308 630 rum
342 556 575 630 advocavere.
634 556 764 634 Secuta
801 572 856 634 est
893 563 1043 634 militum
1067 560 1205 648 turba,
1246 560 1467 656 cupientium

228 667 333 758 scire,
372 669 408 741 in
440 696 546 766 quem
577 669 772 744 Alexandri
804 674 949 744 fortuna
980 681 1077 740 esset
1102 671 1306 742 transitura.
1363 668 1494 740 Multit

228 776 336 854 duces
363 782 562 877 frequentia
588 783 735 852 militum
767 781 901 852 exclusi
935 779 1068 874 regiam
1100 780 1233 852 intrare
1259 804 1332 851 non
1370 791 1468 876 pote

228 905 319 982 rant,
346 917 427 964 cum
453 916 592 988 praeco,
619 891 785 986 exceptis,
812 889 872 984 qui
898 889 1108 960 nominatim
1133 890 1340 980 citarentur,
1368 889 1470 962 adire

228 1003 444 1098 prohiberet
489 997 562 1072 Sed
588 1000 785 1096 precarium
810 999 1047 1096 spernebatur
1073 999 1269 1098 imperium.
1313 1001 1374 1072 Ac
1400 1001 1498 1096 pri-³

229 1137 327 1184 mum
367 1111 519 1184 eiulatus
559 1109 682 1206 ingens
722 1110 952 1209 ploratusque
985 1105 1182 1184 renovatus
1216 1119 1291 1180 est:
1333 1107 1471 1181 deinde

228 1221 338 1294 futuri
357 1209 560 1318 expectatio
585 1220 740 1292 inhibitis
759 1221 911 1294 lacrimis
931 1222 1111 1294 silentium
1136 1221 1228 1294 fecit
1268 1218 1364 1292 Tum
1384 1217 1500 1292 Per-⁴

228 1328 337 1424 dioca,
365 1333 462 1430 regia
488 1332 576 1406 sella
600 1333 636 1403 in
662 1342 891 1429 conspectum
910 1332 1008 1428 vulgi
1025 1329 1121 1421 data,
1148 1333 1184 1403 in
1207 1355 1278 1427 qua
1299 1329 1472 1404 diadema

228 1445 410 1541 vestisque
436 1442 634 1516 Alexandri
664 1467 744 1514 cum
776 1442 882 1514 armis
916 1453 1033 1530 eram,
1068 1442 1216 1514 anulum
1249 1441 1317 1516 sibi
1351 1439 1472 1540 pridie

229 1551 402 1626 traditum
434 1579 457 1626 a
487 1577 572 1650 rege
598 1553 640 1626 in
671 1552 795 1626 eadem
827 1552 912 1626 sede
949 1553 1087 1650 posuit;
1128 1576 1281 1649 quorum
1315 1563 1472 1650 aspectu

229 1686 353 1738 rursus
390 1663 540 1737 obortae
572 1664 735 1735 omnibus
766 1665 931 1736 lacrimae
961 1665 1188 1760 integravere
1218 1661 1366 1734 luctum.
1424 1659 1503 1733 Et⁵

229 1771 417 1864 Perdicca,
448 1773 522 1873 qu
548 1774 695 1872 puden,
725 1773 852 1871 inquit,
883 1773 1036 1865 amdam,
1069 1797 1133 1872 quo
1164 1771 1218 1846 ille
1247 1773 1346 1872 requi
1369 1785 1473 1872 utqsae

229 1884 366 1982 inperii
381 1885 470 1960 vies
488 1885 660 1983 οὸιίφιαιι
679 1885 888 1976 erutsolitus,
913 1885 1074 1958 uadum
1092 1883 1134 1956 ub
1151 1884 1226 1982 ipso
1243 1883 1336 1974 milti
1361 1882 1473 1956 reddo

228 1995 328 2070 vota.
374 1993 746 2096 Ceterumquumquam
770 1995 862 2070 nuta
887 1995 1103 2086 mutate,
1129 1994 1504 2095 aequamus

226 2129 297 2204 por
321 2106 364 2179 ab
388 2107 485 2182 irotu
510 2109 579 2182 diis
600 2106 777 2206 excapitari
794 2119 910 2204 potest,
936 2119 1046 2181 umen
1062 2105 1326 2204 myntudaen
1341 2129 1474 2195 rossan,

181 2217 420 2316 'Wfflr
454 2215 913 2308 iuuuudmnederelicet,
948 2215 1473 2292 tmumnnirumdsosuccom·

230 2327 383 2402 medusae
407 2327 504 2404 redsa
529 2329 698 2419 tumuit,
722 2353 867 2426 pronon
891 2340 976 2404 sorte
1000 2327 1175 2426 completo,
1201 2327 1263 2401 cito
1286 2339 1476 2426 repeteret

231 2461 308 2510 eum
331 2463 413 2512 suna
437 2440 545 2539 stirpi.
598 2439 743 2515 Proinde
768 2440 925 2539 qssonum
949 2438 1034 2512 nibil
1056 2438 1154 2512 uliud
1177 2463 1220 2512 es
1245 2463 1282 2514 so
1306 2451 1504 2538 supa-sstt

231 2574 334 2648 quoni
359 2550 448 2648 quod
471 2575 602 2650 suuper
626 2551 667 2624 od
692 2551 930 2626 imnwrtolitats
954 2549 1137 2640 seducitur,
1169 2550 1303 2648 corpori
1326 2548 1474 2624 umut-

233 2776 340 2828 devertit
348 2774 476 2828 edidimus
489 2791 540 2845 pro
550 2775 621 2844 vulg.
630 2778 730 2830 dicati!
739 2785 830 2830 sucto-
864 2775 1037 2830 interdicatur
1054 2775 1174 2847 reliquis,
1201 2775 1254 2829 boc
1276 2774 1385 2847 quidem
1408 2779 1474 2832 loeo

233 2841 340 2896 ritatem
357 2841 430 2896 Leid.
441 2843 516 2896 Voss.
529 2850 537 2896 1
551 2843 664 2896 Berua
679 2844 747 2897 Flor.
758 2843 829 2897 ABC
865 2845 899 2897 de
923 2843 1051 2898 thesauris
1077 2843 1278 2914 intelligendum
1301 2842 1409 2897 videtur
1438 2845 1474 2897 sd

232 2909 329 2977 secuti,
351 2911 414 2964 item
437 2911 631 2982 suprslib.1r,
649 2919 692 2978 tt,
711 2920 723 2966 1
742 2919 830 2979 ettt,
864 2912 946 2983 ipsius
966 2913 1037 2983 regis
1059 2931 1135 2966 usum
1157 2911 1288 2983 sepositis.
1328 2913 1405 2966 Vires
1431 2912 1475 2966 di·

236 2985 268 3033 14
289 2979 398 3032 esndem
420 2980 531 3033 sormam
554 2997 569 3033 e
590 2979 662 3034 libris
683 2979 831 3035 melioribus
865 2990 960 3035 cuntur
980 2981 1054 3034 velut
1079 2997 1155 3053 opes:
1202 2979 1242 3034 uis
1269 2988 1358 3034 autem
1383 2980 1475 3036 neseis

156 3079 162 3090 ·
231 3045 410 3116 restituimus,
448 3048 553 3101 uoniam
570 3048 723 3102 deflectendi
740 3049 772 3101 de
789 3049 832 3101 vis
865 3066 974 3102 nervum
997 3067 1084 3103 rerum
1108 3067 1189 3122 geren
1302 3048 1394 3102 baberi
1423 3067 1476 3120 pe·

233 3115 308 3170 notio
325 3116 401 3169 inest.
462 3115 624 3170 tDralrenb.
641 3118 675 3170 sd
692 3117 749 3170 Liv.
759 3132 778 3182 1,
789 3122 830 3184 tt,
866 3118 988 3172 cuniam?

234 3189 265 3251 8,
283 3182 329 3254 qui
351 3193 439 3237 umen
460 3185 509 3238 sibi
534 3203 585 3238 non
602 3185 732 3250 constitit,
765 3184 831 3238 libro
900 3189 922 3256 ς.
939 3193 962 3239 t.
1019 3189 1072 3239 uod
1092 3203 1193 3256 semper
1219 3185 1252 3238 ab
1274 3185 1476 3238 immortalitate

232 3265 337 3318 xxxix,
355 3259 387 3307 tt
407 3253 463 3306 init
481 3251 498 3306 n
516 3255 609 3322 quibua
627 3257 729 3306 divertit
747 3256 830 3307 oratio
865 3205 1017 3323 seducitur?
1043 3253 1112 3308 Cum
1134 3253 1197 3307 olim
1219 3251 1263 3306 alii
1284 3251 1362 3305 aliter
1382 3253 1476 3324 expli-

233 3321 323 3382 edens,
340 3339 399 3375 cum
417 3321 509 3392 optimi
529 3323 656 3376 balurum
674 3325 787 3374 decutit.
865 3323 979 3375 cuissent
996 3330 1025 3376 et
1042 3321 1176 3392 corrigere
1185 3322 1266 3374 etism
1275 3319 1359 3374 conati
1368 3333 1474 3388 essetis,

268 3393 292 3454 s.
303 3395 340 3468 2..
362 3407 418 3442 ιιιιιι
432 3407 530 3470 praeco
548 3421 583 3430 -
599 3390 789 3470 prohibenti.
807 3407 830 3442 e.
865 3390 991 3471 postremi
1009 3390 1181 3470 lleumannus
1198 3399 1227 3443 et
1244 3389 1383 3470 Snakcnb:
1395 3401 1476 3444 recta

233 3473 364 3604 ἓέιᾞιΐ.
371 3457 831 3595 ttltttttllt‘ltttttttt
865 3467 1126 3598 tt‘tttt‘ttt
1143 3458 1386 3580 diffidi?
1396 3475 1475 3582 tt?

230 3592 352 3648 codrurm
370 3593 564 3648 auctoritatem.
864 3597 1017 3650 subducitur
1042 3595 1189 3649 retineatur
1218 3613 1252 3647 an
1284 3593 1362 3648 lectio
1388 3595 1445 3648 cod

287 3667 336 3714 ,4.
383 3663 447 3716 Tum
474 3663 612 3730 Perdicca]
648 3662 735 3733 Vulgo
762 3674 830 3730 tuuc,
865 3664 980 3718 omnium
997 3667 1130 3717 seducitur
1146 3662 1297 3733 recipiatur.
1324 3662 1404 3726 Quod
1418 3681 1475 3716 nos

301 3731 418 3798 primum
444 3731 563 3801 sequitur
588 3743 654 3798 tum,
683 3749 736 3785 non
761 3742 830 3800 tunc,
866 3733 971 3802 quidem
989 3733 1142 3786 nonfacere
1157 3749 1209 3785 non
1226 3729 1368 3801 potuimus.
1395 3729 1475 3785 Dicit

234 3797 326 3868 itaque
347 3797 448 3852 correrii
467 3812 625 3879 quamquam
647 3799 742 3853 nihile
760 3799 831 3854 libn's
865 3800 947 3870 igitur
964 3801 1027 3854 hoc:
1051 3809 1173 3872 superest
1190 3797 1255 3852 illud
1292 3799 1346 3851 uod
1364 3815 1476 3868 semper

234 3883 295 3919 mss.
313 3874 435 3920 notatum
451 3878 499 3934 est,
519 3867 566 3920 nisi
584 3878 636 3920 tum
653 3886 709 3921 esse
721 3867 747 3921 in
756 3869 831 3922 Voss.
866 3879 1011 3939 separatur,
1029 3869 1184 3950 seiungitur,
1204 3817 1294 3938 procsil
1307 3867 1422 3920 habetur
1436 3869 1474 3922 sb

234 3939 259 3988 2.
278 3932 380 3987 Deinde
389 3937 416 3988 in
426 3947 586 4015 conspectum
597 3938 665 4005 vulpi
670 3936 742 3989 Laid.
754 3936 831 3990 Bern.
866 3937 1070 4004 immortalitate,
1094 3937 1216 3990 videlicet
1232 3953 1330 4006 corpus
1347 3935 1474 3992 mortale.

233 4005 260 4056 A
277 4001 349 4056 Flor.
366 4003 415 4058 Ab
434 4013 544 4074 subque
562 4003 689 4058 scribendi
707 4005 814 4058 rationo.
868 4005 938 4059 Huic
956 4025 1000 4060 cor
1018 4009 1060 4058 ori
1077 4019 1100 4059 et
1118 4006 1229 4071 leontini,
1253 4003 1305 4068 ait,
1327 4003 1398 4056 iusta
1415 4005 1473 4058 sol-

270 4073 328 4138 Μ.
350 4073 417 4126 vires
435 4073 586 4142 obsiqnore]
614 4072 832 4127 Dubitantinter·
867 4091 965 4131 vernus.
1021 4093 1064 4128 sm
1078 4074 1148 4127 illam
1157 4089 1209 4143 ego
1223 4071 1384 4126 verissimam
1394 4071 1474 4126 Heu-

235 4148 339 4210 pnetes‚
363 4140 427 4210 quid
444 4141 492 4205 sit,
510 4150 539 4194 et
558 4141 611 4192 scre
630 4141 661 4192 dc
680 4141 735 4195 loco
754 4142 833 4195 corri-
867 4143 954 4196 manni
981 4143 1191 4196 emendationem
1218 4157 1326 4206 censeo,
1353 4156 1414 4193 cum
1443 4141 1474 4195 in

234 4207 323 4276 gelido
343 4209 469 4278 cogitant
510 4207 577 4261 Mili
599 4227 656 4262 cum
678 4210 832 4280 obsignandi
867 4211 939 4266 libris
960 4221 988 4264 at
1010 4211 1086 4264 editis
1110 4219 1138 4263 et
1156 4209 1243 4262 mssl
1295 4216 1339 4262 tur
1360 4210 1473 4264 nomini.

236 4276 336 4357 duplex
353 4294 414 4330 usus
432 4277 476 4344 sit,
494 4285 524 4330 ut
540 4285 586 4330 tut
604 4277 769 4332 confirmetur
786 4279 832 4333 ali·
867 4279 1021 4333 Defendunt
1038 4279 1143 4349 quidem
1155 4276 1262 4330 Snsken
1283 4317 1289 4329 .
1307 4285 1335 4330 et
1349 4275 1473 4331 Schmie-

236 4345 301 4416 qusd
322 4345 401 4402 anulo
422 4345 549 4418 impresso
572 4355 619 4398 aut
643 4345 777 4401 claudatur
804 4359 831 4400 et
866 4349 944 4402 derue
955 4348 1089 4418 vulgatam
1099 4347 1247 4414 lectionem,
1266 4345 1313 4400 sed
1326 4345 1369 4400 ille
1382 4345 1474 4402 aliena
