3336 5066
189 283 272 373 '240
665 313 699 377 o.
726 311 850 364 cunm
874 309 965 364 nun·

193 509 282 572 eunt
322 520 435 592 aquae
480 507 628 588 terram
662 497 883 597 praecipitari
924 495 1038 586 iubet,
1078 497 1232 595 qnorum
1270 525 1433 598 corpora,

192 608 253 681 ubi
280 633 403 683 rursus
429 611 593 710 erumpit,
620 611 770 710 expulsa
793 608 926 699 videre,
953 608 1012 705 qui
1038 608 1136 682 missi
1164 611 1281 701 erant,
1303 623 1349 684 ut
1374 637 1435 685 ex·

194 721 364 818 ciperent
1398 759 1402 766 ·

145 833 189 904 ll
297 833 472 924 Quartum
490 835 560 908 iarn
586 831 679 906 diem
705 829 830 904 eodem
856 831 935 903 loco
960 829 1117 926 quietern
1143 829 1246 900 militi
1272 831 1434 924 dederat,

192 968 275 1017 cum
302 947 439 1020 litteras
465 943 694 1029 Nabarzanis,
721 941 779 1036 qui
806 939 964 1012 Dareum
990 963 1072 1012 cum
1097 939 1211 1014 Besso
1237 941 1435 1039 intercepe-

192 1069 268 1150 rat,
304 1059 447 1154 accipit,
482 1079 633 1152 quarum
664 1051 841 1124 sententia
873 1051 962 1124 baec
997 1064 1093 1125 erat:
1129 1077 1168 1126 se
1203 1049 1325 1126 Dareo
1360 1077 1435 1124 non

192 1169 303 1246 lirisse
336 1167 533 1256 inimicum,
569 1165 677 1236 immo
708 1161 815 1236 etiam
847 1187 939 1260 qnae
974 1164 1186 1240 credidisset
1204 1165 1321 1238 ¹utilia
1355 1187 1436 1238 esse

195 1279 366 1369 suasisse,
393 1289 430 1352 et
456 1275 540 1374 quia
564 1273 669 1348 fidele
695 1275 879 1348 consilium
905 1276 981 1375 regi
1008 1275 1179 1367 dedisset,
1206 1300 1319 1372 prope
1345 1275 1435 1348 occi·

83 1439 89 1455 ι
195 1415 275 1463 sum
302 1391 347 1464 ab
374 1415 428 1465 eo.
468 1389 636 1488 Agitasse
661 1385 828 1478 Dareum,
854 1388 1053 1462 custodiam
1085 1385 1245 1485 corporis
1271 1387 1327 1458 sui
1353 1405 1471 1459 con-s

32 1509 39 1520 '
195 1513 253 1576 tra
278 1503 333 1577 ius
358 1505 483 1602 fasque
509 1501 696 1601 peregrino
722 1499 823 1572 militi
849 1497 1001 1589 tradere,
1016 1497 1188 1606 damnata
1208 1483 1433 1596 popularium

194 1613 284 1705 lide,
311 1639 419 1713 quam
445 1637 512 1711 per
535 1611 708 1684 ducentos
734 1619 772 1682 et
796 1609 943 1706 triginta
968 1633 1083 1682 annos
1109 1609 1322 1684 inviolatam
1346 1607 1436 1708 regi·

194 1725 263 1800 bas
290 1727 363 1800 suis
390 1722 660 1824 praestitissent
706 1718 752 1794 Se
778 1721 814 1793 in
841 1717 1024 1817 praecipiti
1052 1731 1090 1794 et
1114 1721 1252 1796 lubrico
1279 1731 1437 1794 stantem
1456 1738 1491 1786 10

194 1837 380 1910 consilium
406 1861 430 1909 a
454 1833 634 1935 praesenti
654 1832 871 1906 necessitate
886 1832 1069 1930 repetisse
1101 1831 1263 1908 Dareum
1283 1855 1435 1929 quoque,

194 1971 277 2022 cum
302 1948 492 2021 occidisset
517 1944 679 2044 Bagoan,
713 1943 780 2016 hac
812 1943 1043 2018 excusatione
1075 1944 1291 2018 satisfecisse
1325 1966 1436 2042 popu·

194 2060 344 2152 laribus,
377 2057 474 2158 quod
500 2055 725 2130 insidiantem
750 2054 817 2128 sibi
843 2055 1091 2130 interemisset
1144 2055 1241 2130 Nihil
1267 2077 1348 2128 esse
1373 2053 1436 2124 mi·
1456 2071 1486 2117 ¹1

136 2185 145 2200 ·
197 2161 285 2244 ibris
306 2171 522 2245 mortalibus
550 2167 676 2266 spiritu
701 2166 828 2238 carius.
865 2165 1000 2238 Amore
1026 2167 1103 2241 eius
1128 2167 1177 2241 ad
1203 2167 1332 2240 ultima
1356 2189 1437 2238 esse

99 2319 102 2328 ¹
153 2287 159 2302 '
196 2283 416 2392 propulsum.
475 2277 547 2354 Sed
587 2303 631 2352 ea
666 2277 778 2374 magn
816 2302 894 2350 esse
926 2269 1105 2369 secutum,
1139 2303 1248 2374 quam
1279 2287 1435 2375 optasse.

196 2393 239 2468 In
280 2393 459 2468 communi
497 2391 697 2465 calamitate
735 2414 852 2462 suam.
870 2415 1045 2488 quemque
1078 2389 1212 2464 habere
1244 2391 1435 2464 fortunam.
1455 2405 1487 2451 ιι

231 2577 297 2660 Gap.
317 2584 445 2646 11,st
482 2577 599 2630 Dareum
618 2575 798 2694 intermeratp
833 2578 954 2656 aptasset
983 2574 1082 2629 Fditur
1098 2573 1161 2628 inde
1177 2591 1195 2627 s
1212 2573 1374 2646 principibus
1390 2573 1439 2654 sed

195 2650 240 2702 An
257 2650 434 2717 interjecerat,
453 2655 484 2699 ut
503 2646 582 2698 Ber-n.
600 2643 624 2696 B
641 2641 712 2696 Flor.
729 2642 781 2694 ΕΗ
834 2661 864 2696 ea
882 2662 967 2713 meysa
985 2661 1042 2698 esse
1059 2653 1173 2698 sectasse
1197 2661 1283 2712 qaae
1310 2651 1438 2711 coepes·

196 2715 246 2770 nisi
264 2720 418 2786 intercipere
444 2715 513 2768 idam
540 2713 595 2766 fare
617 2709 798 2764 meamus
833 2723 888 2764 set
907 2714 1123 2776 necessitas,
1145 2729 1248 2781 qaam
1266 2729 1333 2780 puae
1351 2721 1439 2780 optas-

198 2783 272 2866 qppd
285 2793 330 2864 ‘est
348 2784 569 2904 cosnpreiendere,
587 2795 636 2833 nec
652 2779 799 2858 tsmenbpc
833 2791 884 2860 set,
898 2797 965 2852 quse
981 2780 1019 2835 sic
1036 2779 1146 2854 innullo
1160 2779 1324 2860 libro-mana
1339 2778 1389 2860 scn'
1408 2787 1438 2856 to

197 2871 247 2906 mss
270 2871 293 2906 ss
319 2853 354 2904 sd
380 2851 562 2908 alexandram
587 2847 730 2902 referretur
746 2849 796 2900 dscs
832 2847 886 2918 legs
908 2856 1021 2916 constat,
1041 2856 1169 2918 quantum
1197 2848 1305 2919 qmdem
1326 2865 1360 2900 ex
1398 2845 1438 2912 bs,

123 2977 125 2980 .
197 2931 296 2992 posset,
314 2919 387 2992 prius
404 2937 484 2991 quarn
493 2917 644 2972 Alexander
661 2931 693 2968 ao
710 2923 799 2986 posset
834 2933 899 2986 quos
917 2917 1061 2986 secuntias
1079 2915 1230 2986 descriptos
1245 2917 1381 2983 habemus,
1399 2915 1438 2967 in-

235 2989 287 3064 tiri.
423 3021 426 3028 ,
471 3016 473 3025 =
606 3052 640 3066 ..
833 2984 983 3066 telligimus.
1018 2983 1113 3039 Nostri
1129 2988 1438 3058 omnesetVoes.1;2

232 3061 256 3126 ἕ.
275 3065 299 3113 9.
327 3060 517 3128 perducentes
536 3063 560 3107 et
577 3061 685 3122 rnysnra
702 3053 798 3123 annas]
833 3053 1352 3124 mediahaecquaecoe‘piss'etnecessitas
1362 3069 1439 3122 quam

198 3127 298 3182 Omnes
324 3127 400 3180 codd.
430 3126 463 3178 ed
488 3123 551 3176 edd.
576 3128 694 3174 vetustae
724 3127 748 3172 n
776 3132 799 3174 et
833 3121 1137 3190 onnttunt,leid.etism
1146 3139 1298 3192 quamquae
1307 3121 1365 3176 Pal.
1373 3129 1396 3188 1,
1411 3127 1440 3171 ut

201 3196 276 3249 000
299 3195 343 3249 vel
368 3195 463 3248 omissa
491 3191 586 3245 lineola
611 3191 644 3244 11
669 3198 692 3242 et
719 3191 799 3245 000.
833 3190 954 3256 traditur,
966 3199 1071 3244 tantum
1082 3207 1149 3259 quae
1159 3192 1282 3260 caepisset
1291 3192 1442 3244 necessitas.

198 3263 325 3319 Correxit
347 3262 439 3317 Iunius
464 3261 606 3314 secundum
623 3275 669 3324 ιν,
690 3265 732 3326 tt,
755 3259 800 3313 nbi
835 3257 890 3311 Iam
908 3259 929 3312 si
948 3259 987 3314 its
1002 3259 1145 3312 scribamus
1160 3268 1351 3313 atnoetrorurn
1361 3257 1440 3310 codd.

198 3333 256 3404 ipsc
281 3333 382 3385 Dareus
409 3329 473 3384 dicit
498 3328 635 3450 imperium
661 3327 800 3408 Pcs'sspum
834 3345 974 3381 consensus
992 3327 1109 3399 postulat
1124 3331 1251 3408 easnapis
1261 3337 1439 3407 essesecaunn

199 3402 314 3456 secundo
343 3417 421 3453 cursu
453 3415 500 3469 per
547 3405 656 3450 uocatos
690 3405 800 3466 tngrnts
852 3413 900 3449 uae
917 3406 1038 3466 optasset,
1061 3397 1204 3466 explicatio
1222 3394 1336 3448 difficilis
1354 3393 1441 3458 merit,

199 3487 282 3523 sonos
310 3469 346 3522 ad
376 3484 504 3520 summam
526 3465 584 3520 fsst'
606 3463 658 3518 'um
681 3473 800 3520 ereetum
834 3413 947 3518 iortassa
973 3466 1053 3519 nnec:
1080 3481 1108 3518 se
1138 3483 1155 3518 o
1176 3474 1246 3518 tasse
1271 3473 1303 3517 ut
1324 3463 1441 3516 vinceret

200 3555 265 3592 esse.
300 3536 412 3592 Poterat
436 3534 542 3606 quidem
564 3483 732 3614 llgabsrzsnes
749 3533 800 3587 slis
833 3532 1002 3599 Alexander,
1020 3551 1074 3587 non
1090 3543 1124 3586 ut
1167 3549 1239 3586 essas
1257 3532 1378 3586 dominas
1396 3531 1440 3584 lie·

200 3605 396 3677 computatione
418 3613 568 3674 temporum
589 3611 646 3669 atr,
664 3617 754 3655 vnum
771 3603 799 3655 in
834 3609 889 3667 ret,
923 3602 1013 3672 itaque
1040 3615 1112 3654 nunc
1142 3602 1176 3654 sb
1202 3601 1281 3654 annis
1308 3599 1442 3653 abstinere

200 3683 278 3728 tants
303 3689 472 3728 numerorum
545 3669 654 3724 ualitate
680 3669 730 3724 boo
755 3671 800 3724 vix
833 3686 862 3722 se
881 3687 913 3722 ue
931 3669 1083 3722 Alexandro
1110 3670 1226 3723 tradere.
1261 3669 1322 3722 Sed·
1338 3666 1441 3721 ut'dixi

201 3743 326 3814 cuiquem
343 3739 525 3794 consimilari
544 3737 639 3792 ebitur.
834 3687 944 3790 mblcsta
973 3737 1038 3791 haec
1070 3737 1197 3792 adulatio.
1247 3736 1441 3808 corrigendum

237 3816 322 3878 μθ.
349 3811 517 3864 insidiantem
541 3809 593 3860 sibi
618 3807 787 3860 interemisset
835 3805 1087 3886 potius-videbatur
1112 3825 1191 3876 quam
1217 3814 1322 3876 optasse
1339 3805 1356 3859 i.
1374 3823 1397 3858 e.
1414 3819 1443 3856 ee

201 3880 286 3933 Deest
308 3877 360 3934 sibi
386 3878 413 3930 in
435 3877 498 3957 edit
526 3875 651 3956 Modiana
675 3883 704 3928 et
726 3875 773 3929 Lei
834 3893 862 3927 sn
888 3875 1135 3954 comprehendendo
1151 3873 1318 3954 llsreousliis
1340 3875 1442 3928 obtem·

201 3949 278 4003 Voss
298 3955 311 4001 1
330 3947 412 4002 Beru.
429 3947 467 4010 A;
491 3953 555 3998 stem
576 3961 604 3998 ιιι
624 3943 695 3998 Flos.
712 3943 801 3998 EFHI
835 3959 939 4012 parasse
957 3960 1040 4012 msgrs
1055 3961 1135 4013 quam
1150 3961 1237 4014 rpsum
1252 3942 1318 3995 rllud
1328 3951 1442 4012 optasse

201 4019 282 4090 Bern.
301 4016 330 4082 ΒΙ
343 4015 400 4070 Pel.
421 4023 433 4068 l
454 4015 532 4068 Voss.
549 4019 564 4068 2
601 4013 627 4066 ui
645 4013 743 4067 habeat
760 4007 818 4066 in·'
837 4011 936 4080 Sequor
953 4013 1030 4077 laec,
1048 4031 1100 4065 nan
1117 4023 1194 4092 opta,
1212 4011 1276 4082 quin
1299 4011 1351 4064 hoc
1366 4027 1443 4063 senas

202 4087 342 4140 sidiantsm
355 4083 516 4154 percusisset
615 4089 724 4136 tuantur
742 4097 802 4134 cum
836 4089 909 4132 recte
934 4089 963 4133 et
984 4079 1079 4132 latine
1112 4080 1220 4134 meatur
1245 4078 1362 4133 dubitari
1388 4095 1443 4131 non

202 4153 324 4207 eliisduo
374 4151 431 4204 timi
442 4150 665 4220 Flaniulgstsm,
678 4151 801 4204 necadeo
837 4156 934 4218 potat,
951 4165 1011 4202 cum
1027 4149 1102 4216 sequi
1119 4147 1236 4218 aliquam
1254 4165 1311 4201 rens
1325 4147 1361 4202 sit
1374 4147 1444 4200 trsbl

202 4238 297 4294 percus
314 4237 362 4272 ver
396 4237 454 4272 ram
466 4219 573 4273 Curtius
589 4225 639 4282 eet,
657 4227 689 4270 ut
705 4237 803 4288 prono·
837 4219 871 4271 sb
889 4234 936 4284 es,
954 4217 980 4269 vi
998 4215 1092 4269 adduci
1110 4215 1139 4268 in
1156 4233 1216 4269 eam
1233 4225 1346 4298 partem
1364 4215 1396 4270 cs.
1415 4230 1443 4282 v,

204 4307 273 4356 men,
292 4288 367 4359 quod
383 4287 503 4341 nonnihil
520 4287 555 4340 ed
572 4286 728 4340 sententiam
741 4305 804 4340 oon-
839 4285 1070 4351 lt,18traiebant
1086 4286 1174 4353 maqis
1192 4286 1348 4339 adsistentes
1366 4303 1445 4355 qaam

203 4361 265 4425 sert,
284 4357 402 4411 amasse
419 4354 547 4410 videatm.
838 4372 851 4405 s
885 4355 1025 4420 ιιὺαιιειιν,
1050 4351 1067 4405 i.
1084 4369 1107 4405 e.
1135 4370 1215 4423 qussn
1241 4354 1275 4407 ab
1293 4351 1344 4408 illis
1361 4353 1445 4408 addu-

239 4431 262 4496 §.
291 4434 331 4480 ll.
370 4427 457 4494 mapis
490 4443 545 4479 esse
580 4434 692 4480 scemam
728 4441 805 4492 qnam
840 4438 871 4474 ce
890 4431 976 4476 antur.
