3258 5120
563 331 614 384 nn
640 331 766 386 enarre
792 332 901 386 anax.
926 333 976 403 rx,
993 331 1036 386 as.
1338 313 1410 384 465

179 512 298 586 Invidi
323 512 538 610 malignique
563 515 798 615 increpabant
822 541 887 614 per
912 516 1005 590 seria
1029 525 1066 588 et
1091 515 1229 606 ludum,
1262 517 1412 614 saginati

180 625 340 722 corporis
366 624 467 721 sequi
493 626 654 700 inutilem
679 629 840 702 beluam:
873 651 954 699 cum
980 626 1045 723 ipsi
1076 627 1249 724 proelium
1274 628 1411 716 inirent,

1 755 2 773 ³
121 753 158 799 rr
180 733 261 806 oleo
292 733 499 809 madentem
532 762 746 836 praeparare
772 747 935 810 ventrem
967 738 1087 834 epulis.
1140 736 1274 810 Eadem
1306 738 1413 834 igitur

1 844 2 856 ’
180 845 217 916 in
251 845 416 919 convivio
448 845 625 921 Horratas
655 846 804 920 Macedo
843 847 912 919 iam
950 849 1164 921 temulentus
1195 848 1412 946 exprobrare

180 955 212 1028 ei
239 957 357 1054 coepit
383 969 421 1032 et
446 959 647 1057 postulare,
673 969 728 1048 ut,
761 960 792 1030 si
818 959 873 1032 vir
899 970 1008 1048 esset,
1040 969 1183 1055 postero
1209 956 1268 1032 die
1293 983 1412 1031 secum

177 1067 273 1142 ferro
300 1067 528 1144 decerneret:
549 1093 678 1167 regem
703 1069 849 1144 tandem
876 1070 934 1143 vel
959 1067 1005 1142 de
1031 1093 1097 1142 sua
1119 1069 1330 1159 temeritate,
1354 1069 1413 1141 vel

122 1194 158 1244 ra
177 1177 271 1251 illius
310 1179 454 1278 ignavis
491 1177 770 1256 iudicaturum·
804 1179 853 1254 Et
885 1204 908 1252 a
941 1177 1138 1277 Dioxippo,
1184 1180 1422 1282 contemptim

176 1288 368 1363 militarem
394 1286 561 1363 eludente
587 1291 771 1384 ferociam,
803 1286 950 1389 accepta
975 1289 1129 1364 conditio
1155 1299 1220 1362 est.
1272 1290 1326 1364 Ac
1351 1315 1412 1388 po-

177 1411 274 1474 stero
302 1399 359 1472 die
385 1423 461 1490 rex,
489 1424 570 1473 cum
596 1403 705 1476 etiam
726 1403 842 1476 acrius
864 1411 1043 1475 certamen
1061 1399 1305 1498 exposcerent,
1330 1402 1413 1497 quia

122 1524 157 1574 19
177 1507 359 1583 deterrere
385 1535 460 1584 non
484 1521 639 1610 poterat,
657 1513 845 1588 'destinata
863 1512 991 1609 exequi
1016 1535 1142 1609 passus
1165 1520 1230 1584 est.
1281 1509 1411 1610 Ingens

175 1619 233 1694 hic
258 1620 427 1714 militum,
459 1623 554 1697 inter
579 1648 670 1721 quos
697 1634 800 1698 erant
826 1620 967 1712 Graeci,
1000 1622 1060 1718 qui
1085 1619 1266 1720 Dioxippo
1293 1622 1410 1696 stude·

175 1729 281 1823 bant,
312 1744 533 1814 convenerat
565 1733 767 1832 multitudo.
819 1730 968 1808 Macedo
1000 1732 1094 1806 iusta
1123 1755 1224 1806 arma
1254 1756 1410 1831 sumpse·

175 1851 242 1931 rat,
269 1861 415 1917 acreum
441 1846 603 1945 clipeum,
629 1845 781 1936 hastam,
796 1861 914 1942 ‘quam
939 1843 1106 1916 sarissam
1130 1851 1277 1932 vocant,
1307 1843 1410 1916 laeva

175 1960 312 2044 tenens,
339 1950 491 2028 dextera
515 1956 693 2047 lanceam,
718 1955 908 2054 gladioque
934 1954 1080 2045 cinctus,
1105 1955 1206 2028 velut
1229 1978 1311 2026 cum
1334 1955 1410 2052 plu·

122 2077 157 2128 20
174 2061 274 2137 ribus
301 2064 406 2138 simul
432 2063 675 2140 dimicaturus.
726 2064 927 2165 Dioxippus
953 2066 1039 2154 oleo¹
1057 2064 1175 2139 nitens
1201 2075 1239 2138 et
1263 2089 1408 2140 corona·

174 2181 234 2246 tus
249 2174 366 2264 laeva
390 2177 581 2273 puniceum
608 2177 808 2268 amiculum,
834 2175 964 2251 dextra
989 2173 1155 2248 validum
1164 2175 1409 2274 nodosumque

71 2345 75 2351 .
174 2283 333 2382 stipitem
366 2286 603 2384 praeferebat.
655 2285 710 2361 Ea
742 2287 821 2385 ipsa
853 2312 911 2360 res
943 2277 1100 2359 omnium
1134 2285 1270 2360 animos
1304 2313 1408 2385 expe·
1452 2329 1454 2333 v
1529 2318 1536 2328 ·

174 2394 331 2469 ctstione
358 2395 615 2496 suspenderat:
653 2397 784 2497 quippe
816 2407 954 2472 armato
986 2394 1154 2494 congredi
1184 2395 1321 2470 nudum
1350 2397 1408 2471 de·

1 2603 3 2614 y
123 2521 155 2569 21
174 2505 327 2598 mentia,
369 2531 444 2582 non
480 2509 665 2582 temeritas
697 2507 902 2582 uidebatur.
960 2506 1072 2604 Igitur
1101 2504 1268 2598 Macedo,
1311 2507 1408 2583 haud

174 2614 304 2690 dubius
331 2617 469 2693 eminus
495 2619 647 2692 interfici
677 2641 799 2718 posse,
838 2620 998 2692 lanceam
1029 2616 1160 2708 emisit,
1195 2641 1302 2713 quam
1327 2617 1409 2692 Dio-

172 2726 304 2826 xippus
331 2753 413 2803 cum
439 2730 571 2829 exigua
595 2729 754 2828 corporis
781 2726 1015 2811 declinatione
1033 2726 1193 2816 vitasset,
1219 2737 1410 2826 antequam

172 2836 242 2936 ille
257 2838 399 2912 hastam
424 2841 636 2914 transferret
660 2840 697 2912 in
724 2839 906 2931 dextram
941 2837 1094 2928 assiluit,
1129 2847 1167 2911 et
1192 2839 1312 2937 stipite
1337 2863 1408 2913 me·

122 2963 154 3013 22
173 2945 269 3022 diam
301 2975 380 3024 eam
411 2950 528 3048 fregit
575 2949 726 3024 Amisso
763 2959 916 3048 utroque
948 2948 1037 3040 telo,
1071 2945 1221 3022 Macedo
1251 2949 1409 3048 gladium

173 3071 342 3158 coeperat
378 3061 573 3160 stringere:
618 3087 725 3159 quem
763 3071 976 3158 occupatum
1012 3059 1220 3157 complexu,
1259 3057 1408 3157 pedibus

170 3182 320 3268 repente
342 3171 540 3265 subductis,
566 3170 768 3272 Dioxippus
794 3171 962 3244 arietavit
985 3171 1021 3242 in
1047 3178 1189 3260 terram,
1216 3180 1409 3269 ereptoque

204 3337 228 3405 ς.
244 3343 285 3391 17.
320 3341 409 3392 eadem
435 3339 528 3408 ἐρίων]
561 3337 689 3459 Plerique
714 3337 775 3391 libri
809 3337 842 3406 E,
859 3337 1053 3391 militumturbo
1070 3337 1139 3390 inter
1154 3353 1258 3408 quoa-
1273 3336 1409 3406 favebunt.

172 3405 268 3471 eodan,
286 3422 338 3460 nac
353 3406 451 3460 habent
460 3409 550 3461 eodem
559 3407 641 3460 nisiF
652 3424 690 3461 or.
698 3405 775 3460 ΕΒΗ
811 3407 923 3460 Macedo
941 3405 1047 3473 (omisso
1063 3405 1144 3459 verbo
1161 3411 1324 3468 convenerat)
1338 3403 1408 3458 Flor.

82 3525 85 3533 ,
171 3471 298 3539 ΒΘτη.Β,
322 3475 370 3530 aad
387 3473 467 3530 iidem
483 3473 561 3529 simul
578 3492 640 3545 erpo
658 3492 706 3546 pro
723 3475 775 3544 ipi-
808 3473 861 3528 ΡΗ
870 3473 1090 3528 Barnssllosat
1110 3479 1188 3544 (puto
1204 3471 1360 3526 etiamPal.
1371 3476 1407 3540 1),

172 3549 222 3595 lar.
258 3543 329 3597 Tum
349 3543 484 3597 Horrutas
512 3542 620 3610 Curtio,
645 3543 775 3614 Κάρανος
808 3540 917 3596 militum
940 3543 1015 3596 tarta
1038 3544 1106 3596 inter
1127 3557 1192 3623 quos
1213 3573 1247 3583 -
1264 3541 1409 3594 studebant.

171 3611 366 3692 (puto‘Ko'pbq
385 3632 415 3667 oc
438 3611 538 3692 potius)
555 3611 676 3665 Diodoro
698 3627 775 3664 voca-
809 3611 923 3664 Macedo
941 3609 1013 3665 Flor.
1028 3609 1061 3676 C,
1078 3612 1189 3664 miletum
1205 3610 1349 3673 mdtieado,
1367 3610 1409 3661 in-

171 3685 227 3799 Mdl
244 3696 323 3801 pangi
340 3633 402 3733 hiri
411 3678 532 3802 (garrtianr
541 3677 620 3803 cquiutq
635 3680 775 3751 praebent,
809 3689 929 3801 tverdqreos
945 3711 980 3800 'l-
997 3678 1154 3800 studebatqtt.n
1166 3677 1279 3799 quetqo
1294 3675 1408 3798 ΕἺοι-Ᾰιῖιτζ

314 3765 402 3816 ‘m’
565 3766 593 3838 1⁶
809 3763 893 3870 aa
910 3745 1408 3896 sumamma!

204 3885 227 3952 ξ.
239 3889 280 3940 19.
315 3885 414 3955 Iopen-s
431 3885 474 3939 ltic
491 3887 612 3956 militum]
649 3883 776 3967 Sequitur
809 3901 871 3936 men
898 3891 1002 3963 textum
1024 3891 1145 3938 comatur
1169 3900 1223 3936 non
1263 3897 1321 3962 osse
1339 3897 1388 4001 qur

170 3949 222 4006 iam
239 3951 332 4024 vulgo:
351 3955 419 4006 inter
436 3971 501 4025 quos
518 3953 714 4020 crantorem,
731 3955 777 4025 qai
811 3951 851 4006 bis
868 3959 916 4004 aut
933 3951 983 4022 illis
999 3951 1038 4005 vis
1054 3951 1186 4005 afferstmt
1258 3950 1284 4002 br
1302 3967 1347 4020 qur
1366 3966 1408 4002 em

170 4019 303 4104 Dioxippo
311 4023 450 4076 studebant
469 4031 623 4076 conamur
631 4023 776 4076 meirade·
810 4019 975 4075 scribendum
991 4019 1110 4073 videare:
1133 4020 1230 4088 Ingens
1243 4019 1285 4070 lic
1298 4019 1407 4072 militam

170 4086 225 4142 Sed
233 4107 278 4159 qm
296 4089 398 4144 aFlor.
408 4090 430 4143 Β
441 4061 518 4144 l'oss.
530 4096 541 4142 1
554 4088 635 4144 Bam.
645 4090 678 4155 A,
692 4091 773 4144 verbs
807 4099 961 4143 convenerat
969 4089 1112 4156 multitudo,
1131 4088 1198 4140 inter
1207 4104 1271 4158 quos
1280 4088 1407 4156 qadcram

170 4169 323 4212 concenerat
332 4157 660 4213 multitudoaleidNoss.
671 4165 682 4211 1
694 4157 773 4211 Bern
811 4158 910 4212 Graeci
926 4157 1058 4226 Dioxqrpo
1076 4157 1219 4209 studebant.

169 4223 312 4280 salona
328 4244 435 4297 prorsus
445 4227 550 4294 absunt,
568 4226 603 4280 da
611 4226 719 4297 reliquia
727 4229 774 4279 mi·
844 4229 951 4279 dextera
968 4226 1093 4292 lanceam]
1119 4221 1209 4344 Vulgo
1228 4226 1328 4277 daero.
1350 4221 1407 4276 Nos

169 4292 403 4350 ltrwnconoenerat
419 4297 558 4350 multitado
576 4297 644 4349 inter
652 4301 774 4367 quoscet
809 4293 892 4348 secuti
909 4309 997 4346 summ
1005 4290 1331 4346 semassonacm.
1353 4290 1407 4343 Sed

169 4359 290 4431 FlonDI,
308 4365 419 4418 militen
437 4365 513 4419 turbo
530 4365 598 4417 inter
615 4381 723 4434 quos—
745 4381 775 4417 a·
809 4369 872 4432 post
894 4364 1013 4441 <testere⁸
1024 4377 1055 4414 ac
1075 4360 1171 4414 deinde
1188 4364 1250 4482 &21
1276 4363 1406 4438 ulcerosam

168 4430 260 4484 vetar
287 4435 512 4504 (praeludebant)
534 4433 687 4487 convenerat
704 4433 774 4487 For.
809 4448 865 4485 non
883 4439 924 4484 ast
940 4429 990 4484 nisi
1006 4447 1033 4482 m
1051 4428 1122 4483 Flor.
1137 4427 1187 4483 cl)
1220 4467 1228 4496 ,
1246 4405 1326 4482 duali.
1339 4426 1407 4480 olet.

1216 4517 1250 4567 80
