3354 5052
200 269 273 344 422
688 277 721 339 o.
747 275 870 328 curru
886 275 970 328 nour

198 491 311 542 cornu
336 464 527 538 invehitur.
581 461 743 536 Phalanx
769 483 908 559 quoque
940 458 1094 532 mediam
1119 459 1291 538 Indorum
1322 465 1435 539 aciem
1456 481 1489 531 rs

200 601 275 650 uno
301 576 439 673 impetu
470 575 639 674 perrupit

148 692 195 763 49
303 686 354 760 At
380 685 514 778 Porus,
555 711 626 783 qua
660 685 813 782 equitem
848 682 967 756 invehi
1000 691 1180 771 senserat,
1218 682 1344 756 beluas
1376 687 1433 783 agi

198 799 320 872 iussit:
347 797 412 872 sed
438 797 582 871 tardum
608 807 645 870 et
671 821 781 894 paene
801 795 978 868 immobile
998 795 1128 866 annual
1146 818 1321 892 equorum
1341 797 1435 866 velo-

201 911 345 985 citatem
372 933 526 1007 aequare
552 932 624 979 non
652 917 801 1004 poterat
854 905 907 978 Ne
934 907 1144 1002 sagittarum
1171 905 1316 1002 quidem
1341 906 1433 978 ullus

201 1032 280 1096 erat
304 1021 467 1094 barbaris
494 1041 590 1089 usus.
627 1014 765 1112 Quippe
787 1017 967 1114 longeest
991 1039 1218 1111 praegraves,
1244 1019 1313 1090 nisi
1339 1017 1436 1116 prius
1459 1037 1490 1085 ιιι

200 1133 237 1205 in
269 1140 368 1224 terra
400 1136 602 1200 statuerent
632 1149 768 1215 arcum,
803 1123 898 1197 baud
932 1125 1018 1198 satis
1057 1133 1141 1222 apte
1175 1135 1214 1198 et
1250 1127 1436 1200 commode

201 1242 409 1337 imponunt:
436 1249 514 1310 turn
540 1236 649 1309 humo
675 1237 819 1328 lubrica,
846 1246 883 1310 et
901 1235 946 1308 ob
965 1233 1000 1306 id
1022 1233 1237 1333 impediente
1259 1249 1437 1326 conatum,

201 1351 388 1422 molientes
415 1350 518 1439 ictus,
544 1349 724 1422 celeritate
749 1347 904 1420 hostium
929 1357 1156 1444 occupantur.
1200 1345 1297 1446 Ergo
1315 1359 1437 1446 spreto
1457 1365 1494 1414 ao

169 1459 297 1559 regis
332 1460 502 1559 imperio,
538 1458 649 1557 (quod
683 1461 757 1534 fere
791 1460 847 1548 fit,
887 1457 948 1530 ubi
982 1457 1135 1530 turbatis
1170 1458 1286 1532 acrius
1320 1469 1438 1532 metus

202 1597 310 1670 quern
328 1569 405 1643 dux
422 1571 596 1668 imperare
615 1570 755 1668 coepit)
782 1565 932 1642 totidem
949 1577 1050 1638 erant
1077 1568 1323 1666 imperatores,
1351 1579 1440 1666 quot

202 1683 346 1782 agmina
372 1681 552 1754 errabant
595 1677 697 1754 Alius
719 1683 864 1778 iungere
881 1677 1003 1768 aciem,
1029 1677 1119 1750 alius
1145 1676 1316 1769 dividere,
1342 1689 1439 1753 stare
1458 1700 1493 1746 ιι

203 1791 368 1890 quidam,
410 1800 448 1864 et
482 1793 642 1865 nonnulli
677 1789 891 1865 circumvehi
924 1798 1027 1885 terga
1065 1788 1223 1862 hostium
1257 1789 1439 1863 iubebant

202 1900 308 1978 Nihil.
333 1902 370 1974 in
407 1899 564 1976 medium
599 1903 858 1977 consulebatur.
910 1899 1024 1973 Porus
1051 1907 1173 1972 tamen
1199 1924 1282 1972 cum
1307 1901 1440 1998 paucis,
1459 1919 1497 1968 aa

203 2012 333 2110 quibus
358 2025 459 2086 metu
484 2013 603 2112 potior
619 2015 736 2087 fuerat
760 2011 886 2111 pudor,
912 2010 1075 2108 colligere
1093 2009 1284 2110 dispersos,
1311 2011 1439 2084 obvius

203 2123 301 2198 hosti
316 2123 369 2197 ire
394 2125 522 2222 pergit,
549 2125 825 2223 elephantosque
843 2133 927 2196 ante
946 2145 1074 2219 agmen
1092 2145 1239 2197 suorum
1256 2123 1315 2222 agi
1331 2122 1441 2194 iubet

135 2245 137 2252 “
203 2231 376 2333 Magnum
401 2235 530 2309 beluae
551 2236 705 2324 ‚iniecere
730 2245 918 2322 terrorem,
948 2233 1182 2331 insolitusque
1208 2231 1343 2307 stridor
1366 2257 1441 2306 uon
1458 2250 1496 2300 ²³

205 2369 317 2442 equos
351 2342 479 2436 modo,
514 2355 591 2419 tam
624 2343 793 2444 pavidum
827 2344 874 2418 ad
908 2344 1027 2416 omnia
1061 2345 1211 2434 animal,
1246 2343 1312 2418 sed
1345 2345 1443 2416 viros

206 2479 349 2553 quoque
370 2455 585 2555 ordinesque
611 2456 827 2531 turbaverat
879 2453 955 2528 Iam
978 2455 1084 2553 fugae
1111 2456 1444 2554 circumspiciebant
1460 2473 1499 2522 as

206 2567 325 2641 locum
359 2568 468 2666 paulo
503 2579 587 2642 ante
621 2570 791 2657 victores;
832 2592 913 2640 cum
947 2565 1155 2640 Alexander
1188 2567 1368 2666 Agrianos
1404 2577 1443 2638 et

206 2675 365 2750 Thracas
392 2677 520 2752 leviter
546 2691 712 2769 annates,
737 2679 918 2751 meliorem
935 2679 1205 2752 concursatione
1222 2703 1330 2775 quarn
1349 2703 1443 2751 coru·

204 2894 305 2932 muers
330 2876 348 2932 i.
368 2893 392 2930 a.
410 2877 438 2932 in
463 2879 554 2948 fugam
580 2877 715 2933 coniicere.
752 2877 807 2931 Res
841 2877 1081 2945 consentientibus,
1106 2878 1321 2950 quandoquidem
1338 2879 1372 2930 de
1395 2896 1445 2932 no-

204 2953 281 3017 pstat
302 2954 331 3000 at
348 2945 456 3000 Δπίιιιιί
479 2946 653 3017 descriptione
670 2946 807 3002 coufirma-
841 2947 901 3002 stris
917 2964 973 3000 non
990 2947 1089 3000 habeut
1105 2963 1153 3000 nee
1169 2946 1219 3000 uisi
1236 2946 1308 3002 Flos.
1325 2945 1375 3000 DI.

205 3013 325 3094 tenses}
343 3013 448 3068 codices
465 3014 530 3068 nibil
548 3023 668 3097 muta-nt·
694 3015 808 3068 Videtur
863 3018 900 3096 j.
922 3021 968 3095 19,Ι
1000 3012 1100 3085 Quippe
1122 3017 1215 3094 loripes
1238 3047 1273 3096 -Ι-
1297 3015 1444 3086 disponant]

204 3083 807 3232 anteactasmurutsna
842 3082 1446 3232 testareturque:

206 3220 303 3272 dextro
320 3219 499 3273 Macedonum
516 3239 599 3274 cornu
616 3237 723 3302 cepisse.
842 3221 973 3290 quionbus
982 3227 1051 3272 esset
1060 3221 1160 3290 lorsque.
1187 3219 1224 3273 Et
1237 3219 1331 3291 reliqui
1340 3221 1446 3292 quidem

240 3293 262 3354 ς.
283 3293 323 3340 18.
349 3290 461 3340 mediam
471 3289 597 3342 Indorum
611 3307 732 3343 cerens·
745 3305 808 3357 per-
843 3288 956 3341 editores
982 3287 1118 3354 tulerunt,
1151 3289 1222 3358 qaod
1253 3289 1316 3342 ferri
1342 3287 1444 3359 nequit,

206 3357 288 3425 rupit]
324 3355 426 3436 Vulgo·
440 3357 469 3408 ιἰι
491 3359 603 3410 mediam
625 3389 659 3398 —
679 3359 808 3427 prompit.
844 3357 966 3477 quodque
980 3355 1077 3409 librarii
1094 3355 1214 3410 codicum
1223 3355 1355 3411 FlocEH
1365 3357 1444 3410 Bere.

206 3423 347 3477 Sententia
374 3433 511 3494 utnusqua
533 3425 651 3479 lectionis
668 3423 809 3495 probabilis
876 3425 976 3478 voras
995 3443 1047 3478 non
1064 3425 1187 3478 videntur
1201 3423 1291 3478 tulisse
1306 3443 1366 3479 cum
1375 3425 1447 3478 istud

206 3501 267 3557 est,
292 3493 339 3545 sad
357 3495 479 3562 vulgatae
505 3500 595 3575 tamen
619 3511 709 3564 pamm
727 3493 810 3573 tortis.
843 3492 999 3574 vocabulum
1025 3491 1176 3573 qmiserunt.
1217 3491 1283 3574 Ipsa·
1305 3493 1332 3548 iu
1358 3492 1446 3564 priore

206 3559 391 3708 lustu
426 3571 811 3709 ,stratuque
843 3561 1447 3709 ustasztasarsautls

206 3705 236 3751 et
261 3696 402 3749 vansrmrla
429 3706 471 3763 ¹est
496 3705 525 3752 et
549 3699 583 3751 ad
609 3715 664 3752 reru
687 3705 809 3770 partinet.
845 3698 963 3751 codicum
989 3697 1128 3751 lectionem
1156 3699 1333 3767 importantur.
1368 3699 1447 3752 Nunc

207 3763 313 3819 Omissa
338 3772 380 3817 est
396 3765 555 3836 praepositio
580 3765 607 3819 in
624 3766 694 3819 Flor.
711 3765 811 3819 ABDF
845 3765 1015 3836 deBongsus.
1028 3765 1150 3819 dubitare
1166 3781 1209 3819 ruo
1226 3765 1298 3837 cogit
1314 3766 1447 3821 silentium

207 3831 248 3887 Gl
265 3831 340 3886 Leid.
362 3835 439 3886 Voss.
464 3843 489 3888 l:
512 3835 634 3904 perrupit
661 3836 810 3913 spronrpit
845 3835 1031 3900 Bemensium,
1061 3849 1109 3887 nec
1126 3833 1242 3906 alioquin
1259 3835 1341 3888 veteri
1360 3851 1448 3889 corre·

207 3900 306 3954 lineola
323 3900 490 3970 discernitur,
509 3911 601 3974 estque
633 3921 683 3955 err.
701 3903 810 3957 inLerd.
845 3902 924 3956 ctioni
953 3903 1136 3973 postponenda
1161 3903 1268 3956 ridetur
1292 3903 1447 3958 recentioris

207 3969 317 4023 Vosal
344 3969 426 4022 Bern.
450 3970 476 4022 A
493 3971 566 4023 Flos.
588 3922 667 4038 rbt,
694 3971 721 4024 in
754 3969 810 4024 aliis
845 3971 953 4024 uberius
977 3971 1138 4038 emendatio,
1186 3989 1220 4024 ιιιι
1236 3966 1364 4026 orationis
1383 3989 1447 4025 con-

207 4035 475 4092 manasserus
495 4041 643 4119 praerupit.
678 4039 764 4108 (Mod.
782 4041 810 4091 ιἰι
845 4039 955 4092 cionitas
972 4057 1131 4120 magnopere
1148 4059 1163 4092 ι
1183 4039 1293 4094 'uratur
1320 4040 1447 4094 Sedrnox

207 4107 320 4159 mediam
338 4137 373 4147 —
386 4118 522 4176 perrupit,
542 4107 650 4178 inepte.)
845 4108 913 4160 idem
932 4107 1021 4161 lunius
1045 4117 1125 4160 etiarn
1148 4109 1343 4177 occupubuntur
1359 4124 1448 4162 corre·

244 4172 310 4245 Cap.
325 4181 367 4228 49.
391 4175 435 4227 Ne
453 4177 609 4244 supinorum
627 4177 737 4254 quidem]
757 4176 810 4228 Ne·
845 4176 886 4228 xit
903 4195 951 4247 pro
965 4177 1081 4230 codicum
1094 4176 1209 4230 omnium
1224 4177 1356 4247 scriptura
1373 4195 1447 4230 oew-

208 4241 262 4296 scio
286 4242 345 4312 quis
368 4242 469 4314 primus
486 4261 519 4296 aa
536 4243 655 4309 edident,
674 4261 733 4296 nam
751 4245 809 4296 edd.
841 4256 950 4315 portur,
968 4261 1035 4315 quae
1053 4245 1156 4297 videtur
1173 4243 1235 4297 serri
1253 4263 1338 4316 posse.

185 4310 355 4434 ppipecipes,
379 4309 487 4433 (qtqusqstg
504 4311 611 4433 {31:¹ti
625 4313 742 4433 ιὶιῖιιιέιίιιιι
766 4331 812 4365 aee
881 4317 955 4435 §.ist
991 4315 1120 4433 melliprem
1138 4315 1345 4394 copmrsqtique]
1372 4313 1448 4435 Ilairbri

280 4397 324 4448 n,
350 4397 377 4434 se
539 4399 575 4433 ιι
610 4397 624 4433 e
696 4399 730 4433 ns
751 4399 810 4434 mss.
846 4398 904 4433 mss.
934 4398 978 4434 ere
996 4399 1108 4449 uictore,
1128 4399 1224 4435 omissa
1241 4400 1363 4436 mmrmm
1401 4401 1449 4436 ue·
