3260 5042
555 329 605 380 ns
632 328 759 382 nasus
784 329 896 380 Anax.
922 330 974 398 111,
993 327 1020 380 i.
1360 311 1404 384 11

99 510 1268 613 ,ismminmmuispiieymordimssoomedm'mwn
1310 511 1410 596 Quod

163 623 351 720 mipmatie·
374 647 489 698 oiim
513 623 714 698 eumedium
748 621 909 711 maome,
941 620 1124 712 tiemoniro,
1158 624 1345 699 disciiirero
1370 625 1409 700 iii

163 757 280 825 corrui,
305 747 435 832 medere
455 755 619 829 papium,
641 735 711 804 'non
736 728 837 804 duces
863 731 983 830 moyn,
1009 757 1112 830 quom
1136 732 1255 806 milites
1280 735 1405 808 culsne

121 843 288 918 isAe'iie
321 842 402 916 miri
435 841 627 939 eroumque
657 839 766 914 studio
797 841 902 914 inicii
925 855 1033 940 mites,
1067 841 1177 916 adluis
1210 842 1270 916 illo
1307 843 1406 918 disci·

156 954 262 1050 pli'm
285 963 482 1049 paupertate
512 952 676 1049 mopistru
708 951 799 1022 stent.
852 949 1020 1047 Futipotis
1053 951 1173 1023 minoris
1207 951 1309 1026 nuile
1343 966 1407 1026 ost:

162 1064 275 1151 nbie,
310 1087 408 1160 piem
447 1062 599 1158 occupati
624 1071 761 1157 porciu,
794 1059 911 1132 eminis
945 1072 1094 1158 temporo
1123 1061 1233 1134 somni
1271 1063 1407 1154 amiota,

119 1197 269 1270 isquam
294 1173 398 1246 motis
422 1182 509 1270 sitin
560 1168 639 1242 Iam
669 1168 821 1242 lbessoli
851 1169 973 1268 aqueas
1007 1183 1037 1243 et
1060 1172 1259 1266 Acerrimas
1285 1171 1407 1244 Aetoli

161 1303 237 1379 que,
274 1278 398 1356 enim
422 1280 502 1354 bello
528 1304 659 1368 morsu,
680 1277 815 1380 fundu,
846 1279 955 1369 medo,
994 1293 1025 1352 et
1047 1280 1150 1356 bostis
1175 1282 1251 1380 mne
1275 1281 1407 1356 ommis
1511 1283 1522 1304 '

160 1389 386 1488 repellentur?
436 1388 525 1466 Puri
558 1389 671 1463 robore
701 1413 785 1484 opus
820 1401 876 1462 est.
929 1388 975 1464 -Ιη
1008 1390 1070 1464 illo
1101 1405 1199 1482 tora,
1230 1416 1315 1490 quoe
1347 1391 1407 1466 lios

156 1499 286 1598 perusii,
311 1499 443 1572 micitia
475 1499 666 1599 quaerenda
695 1511 791 1572 most:
827 1511 1002 1596 erpoinum
1033 1499 1124 1574 istud
1153 1512 1249 1600 utque
1283 1525 1407 1574 aurum

121 1610 218 1682 irad
241 1609 494 1684 conducendum
517 1609 654 1682 militem
678 1609 776 1681 mitte.
837 1606 928 1680 Erat
952 1607 1072 1683 Dareo
1096 1609 1183 1682 mite
1207 1633 1251 1682 ic
1277 1618 1405 1683 tracta·

160 1718 237 1790 bile
263 1718 463 1816 ingenium,
502 1743 569 1790 nisi
601 1743 704 1790 suam
727 1728 895 1790 naturam
920 1721 1130 1816 plerumque
1156 1719 1303 1793 fortuna
1329 1744 1405 1792 eor-

159 1839 358 1926 rumperet
384 1827 513 1924 Itaque
525 1827 686 1902 veritatis
705 1828 906 1926 impatiens,
933 1828 1112 1925 hospitem
1138 1853 1181 1902 ae
1206 1828 1407 1927 supplicem

177 2011 284 2130 utile.
302 2011 435 2092 obsistere
453 2011 591 2064 circumsita
606 2010 678 2089 oet.].
705 2007 768 2090 Nqn
801 2026 878 2090 suum
895 2019 1028 2076 naturam,
1045 2007 1116 2064 Flos.
1134 2008 1405 2089 QBerudetLeid.

157 2077 177 2129 d
229 2078 768 2148 umeriqumoertesensutacneobis
802 2087 967 2143 inminet,
997 2077 1406 2148 quodModrusseemendasse

158 2144 298 2198 vocabulis
315 2163 377 2198 usus
394 2145 430 2200 sit
446 2145 565 2216 scriptor.
582 2145 620 2198 Et
631 2145 694 2198 inibi
711 2143 768 2215 qui-
802 2144 903 2212 scribit,
921 2161 982 2199 eum
998 2145 1102 2226 legetur
1118 2144 1206 2200 ininiu
1215 2145 1332 2216 margine
1341 2147 1405 2200 edit.

157 2213 473 2267 demobiismevidetur
489 2229 545 2266 esse
560 2211 590 2266 in
607 2213 689 2267 adem
706 2229 768 2266 eou-
801 2211 937 2266 Iuniauee.
985 2213 1076 2266 Etiam
1093 2231 1146 2267 non
1163 2222 1228 2285 puto
1241 2213 1302 2268 ferri
1320 2230 1405 2283 posse,

156 2281 266 2346 sistere,
286 2279 767 2352 quodnosin'disnniiionimocien
801 2280 866 2350 quid
891 2280 963 2334 enim
992 2281 1065 2334 eliud
1095 2299 1197 2335 nonum
1262 2291 1274 2334 t
1298 2281 1406 2335 fortuna

156 2349 303 2402 circumire
319 2357 361 2402 est
377 2347 518 2418 murgi
535 2347 590 2402 siue
604 2349 767 2402 ademeram
801 2347 852 2401 nisi
869 2347 1009 2401 naturam?
1027 2349 1080 2401 Sed
1094 2367 1167 2404 suom
1187 2348 1303 2419 porique
1320 2349 1406 2402 iidbuc

156 2416 219 2468 sire
236 2417 270 2468 sd
287 2416 433 2496 ⁸sinistrum,
451 2433 511 2470 oiim
527 2433 595 2494 unus
611 2415 701 2494 locum·
713 2433 767 2469 ser·
802 2415 922 2468 tulerunt
931 2415 1023 2482 critici,
1041 2433 1100 2470 cum
1108 2415 1252 2487 explicaret
1259 2415 1405 2471 Acidulius:

157 2493 225 2550 vat,
247 2483 594 2563 subquisemicirculoyiae
610 2484 678 2538 eirca
691 2483 768 2563 illum
801 2500 985 2564 quameunque
1001 2493 1079 2538 nicta
1095 2492 1137 2538 est
1154 2485 1261 2564 fortuna
1277 2484 1320 2538 iel
1336 2483 1405 2556 opti-
1480 2491 1484 2496 '

157 2551 769 2686 moenium
801 2551 955 2689 otiis
973 2551 1406 2698 effinse

157 2695 329 2754 oemtent,
355 2689 518 2756 ηώηηοηὶοηῑ
553 2689 716 2742 discursione
739 2707 767 2740 iri
801 2688 865 2740 dum
883 2693 1033 2756 connpism
1046 2686 1233 2766 intelligerent.
1250 2687 1349 2742 Verum
1359 2706 1406 2758 ge-

157 2774 245 2808 cornu
271 2754 340 2808 ecies
363 2755 533 2822 extenditur,
558 2771 618 2808 nim
643 2753 767 2825 postremi
801 2754 918 2808 noralem
944 2770 1000 2807 esse
1029 2761 1186 2813 sententiam
1211 2753 1257 2806 vix
1286 2755 1407 2827 cuiquam

158 2821 271 2876 ordines
288 2823 469 2894 prodncmtm
490 2830 520 2875 et
536 2820 565 2875 in
581 2822 665 2892 primi
681 2823 768 2876 fronte
802 2821 937 2892 eripietur.
984 2821 1114 2892 Equidem
1141 2821 1324 2892 mingendum
1350 2839 1406 2876 esse

157 2891 195 2943 ad
215 2899 360 2961 utrumque
384 2898 433 2944 eut
457 2890 492 2944 ed
509 2889 674 2948 valterutrum
699 2889 768 2943 latus
822 2897 877 2942 uto.
913 2887 967 2942 Sed
989 2889 1059 2960 quod
1075 2888 1228 2943 Perizonius
1254 2891 1289 2943 iid
1306 2889 1406 2944 Sanctii

156 2957 321 3012 nomnium
355 2958 464 3012 llutnre
483 2976 602 3028 puqnom
623 2957 769 3028 generalius
836 2957 842 2969 '
863 2963 1064 3024 ervam11,·lt,
1083 2965 1094 3010 1
1115 2957 1172 3010 vult
1190 2966 1221 3010 ut
1237 2960 1406 3028 suasorteiio

158 3025 271 3080 videtur
292 3041 362 3094 ωηο,
384 3025 520 3097 pugnandi
536 3025 642 3079 modum
657 3033 768 3092 mutare,
803 3024 943 3090 scribetur,
961 3041 1021 3078 eum
1029 3023 1064 3078 sit
1072 3023 1258 3093 duriusnilum,
1277 3034 1332 3080 tum
1347 3041 1407 3079 seu-

158 3113 186 3147 v.
206 3111 231 3148 c
248 3093 287 3161 si,
310 3111 370 3147 enm
386 3103 466 3148 intes
483 3093 594 3147 eonferti
612 3093 768 3158 dimicarint,
803 3091 904 3145 tentiae
922 3100 1066 3162 repugnet,
1087 3091 1210 3172 quonism
1227 3111 1280 3146 una
1296 3101 1337 3147 est
1353 3093 1406 3148 lor·

158 3161 353 3232 dispergentur
374 3169 403 3216 et
423 3161 534 3214 velitum
550 3178 623 3214 more
640 3161 769 3232 modoque
803 3169 883 3226 tune,
911 3159 984 3213 usius
1009 3168 1128 3230 potentis
1153 3161 1322 3229 describitur,
1351 3179 1406 3216 nou

276 3237 296 3282 t.
803 3247 852 3299 pro
874 3227 999 3298 cuiusque
1020 3227 1135 3282 moribus
1161 3229 1270 3282 diversa
1308 3229 1405 3299 Aptius

159 3245 285 3366 Ἣ.
321 3299 363 3350 Ac
380 3313 412 3350 ne
438 3315 488 3368 pro
508 3295 579 3366 vulg.
606 3306 630 3350 et
647 3313 678 3350 iis
704 3295 767 3349 edit.
802 3297 859 3349 sine
875 3295 957 3348 dnbio
975 3295 1110 3349 Walehius
1132 3296 1159 3348 in
1181 3295 1406 3350 emendationibus

159 3365 239 3418 Mod.
258 3373 287 3418 et
304 3366 449 3418 noddnrss.
459 3363 532 3417 Leid.
542 3363 676 3434 nostrique
693 3380 767 3435 prse-
802 3362 993 3442 biiimisp.98
1011 3363 1146 3435 proposuit
1157 3365 1405 3444 irritamentorum,

160 3431 536 3579 ‘nesterone
556 3498 631 3578 ns
648 3507 689 3579 s,
802 3429 1293 3579 suessoniensem
1311 3431 1406 3553 sin

159 3577 245 3638 pturi
271 3568 398 3621 librorum
415 3585 475 3620 mss.
496 3576 526 3620 et
550 3567 613 3621 olim
638 3569 768 3622 editorum
802 3568 872 3620 datis
889 3566 984 3634 voluit,
1002 3575 1049 3619 aut
1066 3577 1241 3620 etiamsoiiom
1260 3583 1326 3637 quae
1344 3585 1406 3622 eou-

160 3635 541 3708 osnnium,potesiqueopinor
549 3633 672 3706 intelligi:
691 3653 768 3706 quem
802 3635 903 3688 iectura
921 3642 962 3688 est
980 3633 1089 3688 bominis
1106 3633 1177 3688 docti
1187 3632 1406 3690 insumuntur.

161 3703 223 3756 aliis
239 3705 320 3758 rebus
337 3703 471 3774 ocoiipeti,
487 3703 561 3756 verbi
578 3721 656 3757 eausa
672 3703 698 3756 in
715 3713 768 3757 sta-
804 3703 862 3756 crit.
881 3717 914 3755 11.
932 3721 957 3774 p.
978 3708 1034 3756 188.

162 3771 282 3825 tionibus
299 3772 469 3838 excubantes,
487 3789 560 3824 minii
576 3780 769 3842 praeparantes,
854 3780 915 3824 tunc
959 3771 1128 3822 cummaxime
1171 3769 1248 3822 utilia
1290 3773 1405 3824 suaden-

160 3857 277 3910 oorpon
284 3847 447 3906 exercentes,
464 3845 589 3908 eoquunt.
612 3839 769 3892 Coniectura
803 3839 872 3957 eosq
883 3837 974 3956 vulfio
991 3848 1052 3890 tuac
1064 3838 1184 3902 inanime,
1202 3837 1248 3890 sed
1265 3855 1324 3890 cum
1333 3835 1406 3890 Leid.

161 3907 254 3961 nescio
271 3907 344 3960 cuius
360 3905 472 3960 bominis
489 3907 560 3960 docti
592 3907 717 3960 relectum
728 3915 769 3959 est
804 3914 832 3957 et
873 3903 920 3958 lor.
982 3905 1101 3958 CBern.
1120 3903 1406 3972 A(Voss.1hieliieer

162 3977 237 4045 quod
256 3975 285 4028 in
301 3974 487 4028 editl'mben.
502 3973 559 4026 lun
569 3925 768 4036 ilodbrninsh.
803 3977 861 4041 est)
889 3983 949 4026 tunc
971 3991 1027 4026 cem
1053 3975 1164 4026 moulins
1186 3973 1302 4025 habeant
1326 3979 1406 4042 atque

161 4052 243 4096 extit
260 4059 336 4111 queri
352 4052 487 4112 occeperit.
504 4039 592 4096 Possis
604 4041 683 4094 etim
696 4059 769 4110 quem
803 4040 873 4094 idern
882 4039 989 4094 Modius
1006 4057 1021 4094 e
1038 4040 1127 4094 codiee
1144 4058 1190 4093 suo
1207 4039 1405 4111 deprompserit,

162 4129 229 4164 occu
320 4120 347 4176 t,
374 4118 405 4163 ut
429 4110 502 4189 quod
528 4115 569 4162 est
586 4119 687 4178 puram
704 4109 768 4162 nihil
803 4127 856 4162 uon
878 4107 995 4162 dubitari
1020 4110 1128 4188 probam
1150 4106 1308 4162 locutionem
1329 4107 1406 4161 resti·

162 4177 219 4231 sliu
257 4177 386 4244 sidentur,
404 4177 455 4232 nisi
472 4175 620 4232 terminatio
637 4176 710 4230 serbi
727 4193 768 4230 re-
803 4184 886 4229 tuere„
905 4175 969 4230 Non
985 4193 1054 4230 enun
1072 4185 1113 4230 est
1130 4176 1199 4229 omni
1217 4192 1250 4228 ex
1268 4183 1343 4256 parte
1361 4191 1405 4228 ue-

163 4245 261 4316 petita.
803 4262 875 4310 rum,
901 4244 972 4314 quod
990 4243 1051 4297 olim
1068 4263 1085 4298 a
1102 4243 1231 4314 plerisque
1248 4243 1347 4298 dictum
1365 4251 1406 4297 est

202 4317 225 4382 ς,
247 4321 286 4366 17.
318 4313 373 4366 rii'si
388 4329 465 4366 suom
482 4323 604 4368 notarem
620 4314 768 4382 plerumque
803 4311 853 4379 (ef.
876 4311 960 4363 Drnk.
987 4313 1021 4364 ed
1046 4311 1104 4366 Lii.
1133 4319 1175 4378 ii,
1202 4319 1218 4364 l
1241 4319 1269 4365 et
1287 4318 1330 4378 40,
1351 4314 1405 4380 1³),

154 4379 558 4452 jortunucoiriiiiiperetlisibri
575 4399 635 4435 mss.
653 4379 769 4453 plerique
803 4382 974 4434 commemini
996 4381 1168 4452 adpraesens
1191 4388 1313 4451 tempus,
1340 4389 1406 4432 terii·
