3330 5050
202 198 278 270 374
666 209 700 270 Q.
728 207 851 260 curru
876 153 988 260 nun·

192 421 274 468 care
300 395 459 492 fulgura,
491 405 529 468 et·
553 419 649 468 nunc
674 393 902 468 internitente
929 393 1023 483 luce,
1054 419 1151 468 nune
1175 395 1335 487 condita,
1362 422 1439 470 non

193 505 316 580 oeulos
343 503 452 580 modo
478 506 631 580 meantis
657 506 854 596 exercitus,
893 502 957 578 sed
989 503 1097 578 etiam
1128 507 1266 579 animos
1300 520 1438 582 terrere

193 630 398 714 coeperunt.
452 617 542 691 Erat
567 645 679 718 prope
711 619 899 690 continuus
933 615 1021 687 coeli
1056 617 1191 714 fragor,
1230 628 1268 691 et
1302 619 1473 717 pessime

193 725 398 802 cadentium
423 729 611 802 fulminum
637 732 771 830 species
798 727 990 802 visebatur.
1031 727 1275 824 Attonitisque
1289 730 1440 802 auribus

193 852 342 938 stupens
368 867 497 938 agmen
524 865 590 912 nce
615 838 791 937 progredi,
817 865 883 912 nec
910 835 1104 910 consistere
1131 837 1297 914 audebat
1342 839 1473 912 Tums

103 997 110 1016 ·
193 961 341 1049 repente
360 952 473 1023 imber
490 949 700 1046 grandinem
718 949 891 1022 incutiens
910 949 1077 1022 torrentis
1101 945 1210 1020 modo
1232 950 1438 1023 effundittu.

192 1062 249 1135 Ac
274 1061 390 1159 primo
417 1057 562 1156 quidem
587 1059 694 1132 armis
721 1060 793 1130 suis
821 1061 905 1132 tecti
928 1071 1155 1158 exceperunt,
1182 1057 1343 1132 sedium
1370 1085 1439 1134 nec

193 1171 348 1244 retinere
374 1195 475 1242 arma
499 1169 657 1242 lubricae
683 1179 720 1242 et
744 1167 900 1267 rigentes
926 1195 1054 1244 manus
1080 1179 1258 1270 poteraut,
1284 1193 1351 1242 nec
1369 1171 1440 1268 ipsi

194 1281 384 1370 destinare,
410 1281 447 1354 in
466 1305 574 1378 quam
592 1281 773 1378 regionem
798 1281 1030 1354 obverterent
1046 1305 1208 1378 corpora,
1234 1306 1316 1354 cum
1334 1280 1438 1354 undi-

194 1416 264 1490 que
290 1395 515 1492 tempestatis
539 1393 709 1466 violentia
733 1391 855 1482 maior,
881 1417 989 1489 quem
1006 1390 1198 1478 vitabatur,
1224 1403 1441 1467 occurreret

153 1556 158 1568 .
194 1501 293 1602 Ergo
319 1504 504 1580 ordinibus
532 1505 657 1578 solutis
681 1529 746 1600 per
762 1513 879 1576 totum
898 1503 1029 1576 saltum
1046 1499 1289 1574 errabundum
1306 1527 1439 1602 agmen
1459 1526 1476 1574 s

195 1615 394 1704 ferebatis,
420 1615 594 1713 multique
611 1615 708 1714 prius
726 1625 834 1705 metu,
860 1639 968 1712 quam
993 1614 1116 1688 labore
1138 1611 1333 1712 defatigati,
1359 1641 1442 1713 pro-

87 1799 90 1812 ,
197 1737 404 1800 straverant
435 1725 535 1798 humi
561 1750 730 1825 corpora,
774 1750 988 1823 quamquam
1023 1725 1173 1798 imbrem
1208 1723 1263 1795 vis
1297 1725 1442 1823 fiigoris

197 1837 365 1910 concreto
392 1837 476 1934 gelu
501 1834 728 1909 astrinxerat
781 1833 852 1908 Alii
873 1859 911 1909 se
934 1836 1113 1934 stipitibus
1132 1834 1303 1909 arborum
1319 1835 1480 1910 adino-r
1570 1913 1576 1920 ,

198 1956 346 2022 verant:
373 1945 411 2020 id
437 1947 597 2046 plurimis
624 1957 662 2020 et
686 1945 938 2020 adminiculum
964 1958 1001 2024 et
1026 1947 1220 2047 suffugium
1237 1957 1325 2020 erat
1363 1944 1480 2021 Nece

197 2058 345 2135 fallebat
376 2059 475 2158 ipsos
507 2059 614 2131 morti
645 2060 761 2131 locum
795 2058 939 2156 eligere,
980 2085 1061 2133 cum
1089 2057 1290 2132 immobiles
1321 2058 1443 2132 vitalis

198 2173 296 2247 calor
319 2171 516 2268 linqueret:
554 2169 619 2242 sed
649 2179 753 2269 grata
779 2181 858 2243 erat
887 2170 1030 2268 pigritia
1055 2195 1246 2270 corporum
1271 2169 1442 2267 fatigatis,

197 2309 265 2360 nec
288 2281 505 2356 recusabant
530 2281 692 2380 extingui
719 2279 942 2379 quiescendo.
995 2279 1135 2382 Quippe
1156 2307 1230 2354 non
1246 2281 1443 2356 vehemens

197 2393 323 2485 modo,
359 2393 423 2467 sed
456 2391 564 2468 etiam
595 2392 761 2491 pertinax
794 2393 848 2464 vis
882 2393 967 2466 mali
998 2393 1206 2481 insistebat3
1245 2392 1443 2490 lucemque,

197 2508 363 2584 naturale
389 2504 567 2596 solatium,
592 2513 735 2602 praeter
756 2513 1007 2601 tempestatem
1024 2503 1121 2578 haud
1139 2503 1318 2603 disparem
1334 2504 1444 2594 nocti,

199 2618 371 2692 silvarum
397 2642 540 2713 quoque
560 2616 688 2689 umbra
705 2626 962 2714 suppresserat
1015 2614 1096 2690 Rex
1120 2639 1213 2688 unus
1240 2613 1331 2687 tanti
1356 2614 1480 2686 m‘alis

198 2729 338 2829 patiens
365 2727 550 2800 circumire
576 2727 714 2817 milites,
739 2727 951 2800 contrahere
970 2726 1161 2826 dispersos,
1187 2725 1343 2812 allevare
1361 2750 1443 2821 pro

198 2951 241 3000 est
257 2931 399 3015 utminq'ue
415 2952 444 2998 et
461 2946 541 3000 urinis
553 2946 684 2998 etdemuo
702 2943 803 2997 sVoss.
837 2943 899 3016 quis
915 2942 944 2997 iu
960 2943 1098 3025 sigeberg.
1115 2943 1255 2998 invenerat
1266 2923 1386 2997 'rumas
1403 2942 1445 2994 n·-

200 3022 263 3069 let
283 3012 354 3067 Flor.
368 3015 408 3080 A,
436 3013 499 3068 item
523 3031 539 3067 a
561 3013 643 3067 Beru.
660 3015 686 3067 Α
707 3012 753 3066 sed
776 3011 803 3065 iu
836 3023 934 3084 pentes,
952 3012 1009 3066 sine
1026 3012 1219 3080 coniunctione,
1237 3010 1321 3066 edidit
1337 3028 1384 3064 uec
1401 3027 1444 3062 re-

198 3082 276 3137 buius
296 3082 415 3152 margine
436 3081 607 3148 adscribitur,
636 3081 663 3134 in
689 3081 760 3134 Flor.
777 3080 804 3133 G
838 3084 919 3134 tinere
932 3099 1008 3135 enno
1021 3084 1248 3162 ludrieuriqentee
1262 3097 1356 3134 manus
1406 3089 1444 3132 te-

200 3161 289 3205 sutem
299 3161 442 3222 utrumque
451 3149 627 3220 coniungitur.
659 3149 804 3214 Queeoum
838 3161 907 3204 rent.
943 3149 1028 3205 Utin
1045 3149 1134 3221 sigeb.
1152 3169 1190 3204 sre
1210 3149 1290 3203 etiem
1308 3148 1336 3202 iu
1377 3146 1441 3200 el.1

199 3219 239 3272 its
264 3217 326 3284 sint,
353 3219 454 3288 poterit
471 3221 613 3274 semudum
639 3217 719 3272 libros
745 3235 804 3271 mss.
839 3217 952 3272 traditur
968 3235 1033 3286 esse,
1056 3228 1084 3273 et
1101 3221 1199 3273 lubrice
1215 3221 1329 3288 ripentes
1351 3225 1393 3270 est
1414 3213 1443 3268 iu

199 3295 246 3342 sut
262 3285 347 3358 princi
368 3306 412 3340 um
429 3287 577 3342 editionum
589 3293 635 3339 sut
644 3286 717 3339 Mod.
726 3285 811 3340 lectio.
839 3285 969 3341 FlenDl.

141 3413 142 3416 ,
198 3355 320 3428 probari:
335 3306 404 3409 illud
417 3355 444 3408 in
458 3356 545 3428 priorc
555 3354 671 3408 editione
684 3355 804 3434 feceram,
874 3361 898 3423 s.
917 3361 941 3409 6.
977 3357 1125 3426 dffotiqets]
1161 3357 1295 3426 deletiquts'
1320 3353 1347 3408 in
1368 3352 1443 3406 Flor.

199 3441 269 3478 nuno
285 3423 405 3478 Medium
423 3441 529 3496 sequor,
553 3432 581 3477 et
597 3439 702 3477 omnem
719 3423 805 3476 diver-
838 3423 964 3492 (Heinsii)
983 3434 1012 3479 et
1021 3425 1116 3478 Voss]
1138 3423 1276 3478 inventum
1289 3439 1345 3477 esse
1359 3439 1444 3476 anno

199 3491 307 3547 ritatem
324 3492 387 3546 inde
404 3501 493 3547 natam
512 3501 577 3565 puto
594 3492 666 3563 quod
683 3491 746 3546 olim
758 3509 804 3544 ex·
839 3501 880 3546 tat
906 3492 1135 3562 Smkenburgius:
1162 3491 1280 3563 mihique
1312 3491 1382 3545 idem
1408 3508 1443 3544 ex

199 3561 302 3616 eides-at
318 3563 397 3614 minis
419 3571 482 3632 post
503 3564 561 3616 sine
583 3567 612 3614 et
634 3560 805 3631 supplebatur
838 3561 919 3614 Bern.
933 3563 958 3614 Δ
976 3569 1005 3616 et
1021 3561 1074 3616 lnl
1091 3571 1120 3616 et
1136 3577 1168 3615 rx
1202 3568 1232 3628 t,
1254 3567 1282 3614 tt
1309 3567 1441 3614 enotetur.

199 3629 303 3710 adiecto
327 3630 409 3684 verbo
436 3633 540 3685 ἀαηυιο.
576 3629 702 3684 Ceterum
723 3647 805 3700 pree·
839 3620 1032 3684 El'lorentiuis
1049 3637 1137 3684 umen
1156 3601 1250 3684 nibila
1262 3627 1366 3750 vulgari
1378 3627 1442 3682 scri·

200 3707 260 3753 tent
277 3697 351 3751 Flor.
370 3696 466 3752 BFGI.
839 3705 917 3770 ptura
939 3699 1071 3752 diversum
1091 3699 1215 3766 effertur,
1243 3715 1292 3751 mn
1328 3695 1367 3750 ,ι
1384 3712 1442 3750 esse

234 3768 464 3834 §.tendentium
496 3767 632 3836 seminus]
655 3769 805 3820 adeuntium
833 3767 948 3836 sutiyeti
965 3767 993 3821 in
1010 3765 1070 3821 BG.
1497 3815 1503 3820 .

199 3835 339 3890 Bersera
357 3833 462 3888 stoan
489 3835 540 3889 cfl
549 3833 804 3890 leidvoseedd.
873 3840 898 3900 S.
912 3840 936 3890 8.
971 3837 1122 3904 massaliter]
1157 3835 1284 3889 Veterem
1301 3831 1443 3888 accusativi

199 3902 804 4044 t‘rtt”l‘tt“1tl¹ttlttt”tt⁸tt
838 3903 954 4039 tlttt
967 3899 1444 4044 ttdlttdlt‘d30l1ltttt

201 4040 273 4095 rexit
297 4040 411 4093 Aldious
437 4038 534 4094 editor.
573 4039 644 4093 Tum
670 4043 804 4095 considere
838 4015 1062 4096 motitets'lunius
1080 4040 1163 4110 dedit,
1180 4039 1317 4112 vulgarem
1333 4013 1444 4094 forium

202 4109 264 4163 edd.
276 4118 378 4162 veteres
388 4117 417 4160 et
425 4109 501 4162 codd.
516 4108 598 4162 nostri
613 4126 701 4164 omnes
711 4109 804 4178 (Snelr.
839 4109 953 4164 Medius.

202 4178 297 4231 silente
315 4179 348 4230 de
370 4177 434 4244 suis)
462 4180 601 4232 consistere
624 4187 696 4232 recte
717 4196 804 4232 emen-
873 4181 965 4234 umbre
982 4180 1177 4251 suppresserat]
1200 4175 1371 4233 FlenDFGl
1389 4196 1443 4230 um-

204 4246 278 4300 dsvit
295 4244 436 4300 Acidelius.
840 4249 901 4301 brae
919 4258 1127 4320 suppresserunt,
1149 4249 1222 4320 quod
1239 4247 1347 4302 Modius
1365 4263 1442 4318 prae·

239 4321 263 4386 s.
282 4320 306 4369 5.
341 4315 457 4369 lubricae
487 4324 511 4368 et
541 4315 664 4386 riqsntes]
699 4313 805 4370 Medius
832 4315 910 4370 'tulit
