3330 5050
566 603 613 708 Q.
651 602 879 690 CURTII
916 601 1067 690 RUFI

794 813 842 864 De

699 967 948 1036 GESTIS

320 1183 924 1309 ALEXANDRI
979 1181 1306 1304 MAGNI

604 1429 730 1486 REGIS
756 1429 1038 1487 MACEDONUM

704 1617 845 1684 LIBER
863 1619 927 1684 IX.

659 2093 981 2158 ARGUMENTUM.

276 2303 317 2372 (1)
336 2301 486 2356 Alexander
508 2297 596 2366 (didio
618 2312 702 2350 measse
723 2298 911 2350 innectens.
932 2296 995 2351 θὴν.
1012 2305 1067 2349 not.
1084 2296 1157 2366 826.)
1179 2293 1288 2350 videris
1309 2295 1345 2348 de
1361 2295 1443 2352 Poro

207 2384 234 2440 in
252 2379 378 2436 ulteriore
395 2374 453 2446 ripe
469 2372 602 2446 Hydaspis
621 2373 710 2441 (hodie
728 2373 873 2438 Dschilmn)
891 2381 1036 2445 reportata,
1057 2371 1154 2427 milites
1172 2389 1221 2443 pro
1239 2371 1364 2426 contione
1382 2373 1443 2426 isu-

207 2463 254 2514 ‹tct
271 2455 401 2526 donisque
419 2461 510 2518 ornst,
536 2466 616 2504 naves
639 2446 666 2502 in
683 2449 812 2520 Hydaspe
835 2451 952 2506 construi
977 2451 1065 2517 iubet,
1089 2451 1154 2504 duss
1176 2450 1256 2504 urbes
1276 2449 1305 2502 in
1324 2457 1442 2520 utraque
1491 2465 1498 2476 ·

207 2537 264 2608 n'ps
288 2533 426 2601 (Nicaeam
454 2538 482 2582 et
504 2524 693 2597 Bucephalam)
717 2526 816 2581 condit
851 2532 891 2594 (t)
921 2527 991 2580 Tum
1012 2527 1085 2581 Poro
1113 2542 1190 2580 omne
1211 2534 1345 2597 superato,
1371 2529 1442 2594 (sios

207 2615 293 2668 Porus
310 2625 400 2661 nomen
412 2606 470 2676 suit
486 2605 577 2673 repuli,
601 2619 731 2655 commune
748 2604 817 2656 iliud
833 2607 935 2675 quidem
951 2623 1008 2658 cena
1026 2607 1108 2674 odero
1126 2604 1204 2671 Poro,
1222 2611 1246 2656 et
1267 2604 1351 2656 mauis
1370 2603 1441 2656 Ace-

205 2691 286 2752 sinu,
305 2687 349 2756 qm'
366 2701 434 2736 nnnc
454 2681 556 2736 Chinch
574 2679 692 2746 meatur)
711 2695 762 2748 per
778 2679 858 2734 silves
876 2681 999 2752 ingentes
1017 2699 1049 2736 sc
1065 2682 1170 2734 deserta
1187 2679 1222 2733 sd
1238 2677 1345 2732 fluvium
1362 2679 1441 2748 Hys-

206 2764 286 2820 rotim
312 2762 367 2814 sive
388 2759 545 2828 iiydraoten
572 2757 661 2820 (hodie
687 2755 778 2824 Rurm‘)
805 2767 937 2827 penetrat,
963 2775 1050 2828 eoque
1075 2756 1198 2822 traiecto,
1224 2759 1266 2824 (t)
1288 2755 1322 2808 sd
1344 2756 1440 2810 urbem

206 2857 329 2912 magnam
346 2846 375 2891 et
392 2833 516 2889 munitam
535 2829 672 2902 (Sangala)
691 2832 773 2900 venit,
793 2833 864 2887 mim
882 2833 994 2900 incolae,
1012 2852 1071 2888 eum
1088 2831 1196 2886 fortiter
1212 2831 1439 2886 adrersushiaee-

206 2919 291 2972 dones
309 2915 343 2968 de
360 2911 487 2966 vehiculis
510 2911 580 2964 inter
600 2924 629 2962 se
649 2907 745 2962 iunctis
769 2919 948 2980 pugnassent,
974 2911 1038 2966 inde
1061 2907 1165 2980 depulsi
1187 2908 1257 2962 intra
1278 2907 1385 2963 moenis
1406 2927 1437 2963 ss

206 2992 343 3064 rccipiunt.
379 2991 478 3042 Verum
496 2987 558 3040 urbs
577 3001 681 3056 quoque
699 2983 725 3037 vi
743 2997 919 3058 expugnetur.
955 2991 996 3058 (4)
1020 2986 1112 3058 copiis
1136 2984 1228 3040 divisis
1249 2983 1325 3056 regio
1349 2993 1438 3038 m

206 3079 262 3134 tur,
287 3067 441 3122 Alexander
461 3065 518 3136 ipse
535 3061 612 3116 hiism
630 3062 736 3128 urbem,
764 3064 797 3116 ab
823 3063 916 3119 incolis
939 3065 1008 3118 inter
1029 3082 1058 3117 se
1081 3062 1271 3117 dissidentibus
1294 3063 1437 3134 proditam,

206 3144 286 3215 ospit,
305 3153 334 3195 et
350 3141 488 3194 obsidibus
506 3139 651 3194 clementer
668 3139 794 3206 tractatis,
813 3142 943 3196 barbaros
961 3142 1112 3206 (Cethueos)
1130 3149 1284 3212 permovet,
1303 3148 1332 3192 ut
1349 3149 1437 3192 cetera

205 3221 306 3292 oppida
329 3220 436 3272 dedant
471 3223 511 3282 (t)
543 3216 607 3270 Inde
636 3213 663 3268 in
687 3231 796 3284 regnum
819 3217 939 3288 Sopithis
962 3219 1135 3287 (Σωπείθην
1156 3219 1272 3288 appellet
1295 3217 1435 3280 Diodowa)

206 3297 289 3362 venit,
317 3295 390 3350 cuius
416 3293 501 3364 gentis
532 3290 660 3362 sapientis
690 3291 844 3348 excellentis
875 3293 996 3348 instituta
1026 3302 1275 3348 commemorantur.
1319 3293 1437 3365 Regulus

207 3371 343 3444 magnifice
361 3379 469 3425 ornatus
488 3369 641 3422 Alexandro
661 3367 782 3432 occurrit,
801 3389 830 3424 se
848 3381 1009 3443 gentemque
1027 3389 1102 3424 suam
1118 3372 1220 3424 dedens
1238 3379 1267 3424 et
1284 3372 1355 3425 dena
1372 3371 1437 3425 offe-

205 3467 282 3518 rens,
302 3451 343 3514 (6)
363 3448 430 3502 inter
448 3463 514 3518 quae
533 3454 561 3498 et
577 3461 655 3498 canes
673 3443 793 3512 suerunt,
818 3467 931 3518 quorum
948 3447 1110 3502 admirabilis
1133 3447 1215 3500 virtus
1237 3449 1272 3500 ad
1289 3449 1438 3502 venandum

204 3523 372 3581 describitur.
407 3523 511 3578 Relicto
530 3521 642 3592 Sopithe
667 3521 702 3572 ad
719 3521 859 3592 Hyphasin
881 3543 997 3592 amnem,
1026 3525 1146 3578 ultimum
1168 3541 1203 3577 ex
1223 3523 1256 3578 iis
1277 3525 1323 3596 qui
1344 3526 1438 3579 Indum

206 3609 319 3673 sugent,
347 3617 442 3670 agmen
460 3599 592 3670 prooedit3
617 3600 706 3667 (hodic
723 3601 775 3653 sive
794 3603 884 3670 cheh
901 3607 954 3656 siue
973 3605 1097 3656 Setictsch
1115 3611 1236 3666 meatur,
1256 3604 1439 3672 eumaeumque

204 3681 290 3734 omnis
308 3695 413 3744 nomen,
436 3679 577 3730 coniunctis
595 3677 683 3745 aquis,
705 3679 820 3731 evincere
837 3681 958 3744 uolucris)
975 3679 1099 3750 Phegeus
1123 3678 1231 3750 regulus
1248 3677 1355 3733 victoris
1373 3680 1435 3734 fidei

175 3801 178 3808 .
207 3773 266 3810 sese
283 3751 422 3824 permittit.
458 3759 498 3818 (7)
517 3751 670 3805 Alexander
687 3769 744 3806 cerm
759 3761 787 3806 et
800 3753 868 3808 hunc
886 3771 990 3809 amnem
1009 3755 1131 3809 traiicere
1149 3764 1266 3827 pararet,
1285 3755 1437 3826 exPhegeo

209 3840 238 3886 ct
254 3831 325 3884 Poro
345 3827 482 3898 cognoscit
505 3829 538 3881 de
561 3827 710 3897 ingentibus
732 3828 813 3898 copiis
832 3829 1043 3901 Gangaridarum
1068 3842 1097 3887 et
1118 3833 1286 3898 Prasiorum,
1315 3835 1350 3886 sd
1371 3851 1436 3904 quos

212 3925 261 3980 per
279 3904 434 3959 solitudines
453 3904 572 3958 undecim
589 3897 694 3958 dierum
716 3905 809 3958 itinere
831 3919 1008 3974 perventurus
1025 3919 1111 3978 esset,
1139 3912 1227 3980 deque
1249 3927 1314 3982 rege
1336 3911 1438 3979 illorum

211 3986 361 4054 Agrasume.
396 3986 489 4052 Itaque
506 3981 640 4050 perpensis
658 3981 697 4035 rei
714 3981 927 4052 difficultatibus,
952 4003 1011 4040 cnm
1029 3987 1177 4054 dubitaret,
1197 4005 1260 4040 num
1276 3987 1438 4040 Macedones

206 4061 291 4131 ipsum
310 4057 423 4111 secuturi
442 4066 545 4124 essent,
573 4061 614 4126 (8)
638 4057 763 4112 contione
786 4059 928 4126 mvocata,
956 4062 1063 4119 elevare
1084 4065 1189 4130 studet,
1217 4080 1286 4134 quae
1309 4064 1342 4116 ab
1366 4061 1438 4116 Indis

206 4137 304 4192 iactata
322 4141 406 4200 erant,
425 4134 517 4187 salsam
535 4133 690 4204 plerumque
709 4136 803 4188 samam
821 4151 880 4187 esso
899 4137 1008 4205 doeens,
1028 4143 1070 4209 (⁹)
1089 4157 1140 4195 neo
1156 4139 1179 4193 ei
1197 4157 1262 4193 vera
1279 4139 1324 4194 illa
1341 4141 1437 4206 serent,

207 4211 336 4275 timenda,
364 4210 488 4281 quoniam
510 4209 574 4265 oiim
595 4220 624 4262 et
646 4210 800 4280 elephantos
822 4221 850 4264 et
872 4213 992 4280 peditum
1013 4215 1184 4286 equitumque
1205 4217 1332 4270 maxirnss
1351 4217 1438 4288 copias

207 4288 284 4343 facile
304 4286 422 4340 vicerint.
457 4289 515 4356 (10)
534 4287 601 4341 Orat
619 4287 745 4357 denique,
774 4297 804 4340 ut
825 4305 882 4340 eum
905 4290 940 4340 ad
961 4289 1042 4343 finem
1067 4301 1155 4344 terrae
1174 4301 1203 4345 et
1221 4293 1358 4348 Oceanum
1380 4311 1439 4364 per·

208 4363 340 4430 venerint,
369 4363 437 4417 hunc
465 4363 583 4418 ultimum
609 4364 726 4417 laborem
753 4381 786 4417 ne
813 4361 950 4432 omittant,
979 4381 1047 4420 neve
1070 4383 1100 4420 se
1124 4367 1258 4424 deserant.
1294 4371 1354 4440 (11)
1374 4369 1438 4424 cnm
