3336 5066
567 336 615 385 na
642 334 769 389 onsrrs
795 337 903 390 Anax.
928 338 965 406 r,
992 337 1034 384 ao.
1350 318 1422 390 197

180 526 328 598 deserto
359 515 509 615 oppido,
544 545 615 618 qua
647 543 823 618 quemque
855 529 971 592 metus
1005 519 1156 616 agebat,
1189 521 1426 619 diffirger'ant5

180 656 265 706 cum
291 653 359 702 rex
386 629 601 731 phalangem
622 631 711 705 nihil
722 637 910 702 cunctatus
923 629 1069 702 inducit.
1093 628 1226 704 Multas
1241 633 1357 721 urbes,
1371 658 1424 706 re·

180 743 294 814 sertaa
318 741 502 838 opulentia
522 743 630 840 regia,
655 740 785 837 partim
809 751 1088 838 expugnaverat,
1114 743 1243 838 partim
1262 742 1298 813 in
1317 742 1426 818 fidem

144 874 161 922 a
181 863 381 950 acceperat,
394 851 459 926 sed
474 853 571 925 urbis
584 852 688 923 huius
698 849 843 923 divitiae
855 853 971 924 vicere
985 853 1186 948 praeterita.
1212 851 1253 926 ln
1266 852 1358 926 hanc
1371 861 1424 927 to·

181 963 255 1034 tius
279 961 434 1037 Persidis
456 987 544 1061 opes
564 972 818 1056 congesserant
838 961 999 1033 barbari:
1025 987 1152 1036 aurum
1165 975 1425 1060 argentumque

182 1074 404 1148 cumulatum
423 1084 511 1162 erat,
535 1071 646 1146 vestis
665 1071 791 1169 ingens
808 1071 945 1160 modus,
972 1073 1135 1171 supellex
1152 1099 1224 1146 non
1243 1073 1290 1146 ad
1309 1100 1424 1164 usum,

146 1181 249 1258 ssed
275 1184 323 1258 ad
350 1183 629 1259 ostentationem
656 1183 763 1255 luxus
791 1194 1006 1281 comparata.
1058 1181 1183 1280 Itaque
1209 1185 1302 1262 inter
1325 1185 1424 1282 ipsos

180 1295 339 1370 victores
364 1296 459 1369 lerro
482 1293 734 1369 dimicabatur:
759 1319 825 1390 pro
851 1296 955 1368 hoste
981 1305 1067 1385 erat,
1094 1295 1155 1391 qui
1180 1296 1425 1393 pretiosiorem

183 1415 426 1504 occupaverat
451 1405 639 1502 praedam:
673 1414 817 1478 etcum
843 1407 971 1496 omnia,
999 1430 1090 1503 quae
1115 1407 1342 1504 recipiebant,
1369 1431 1425 1481 oa·

183 1541 271 1614 pere
298 1541 371 1588 nou
397 1525 557 1612 possent,
583 1517 654 1588 iam
679 1539 738 1588 res
764 1543 837 1591 non
863 1517 1146 1616 occupabantur,
1173 1517 1237 1592 sed
1262 1518 1425 1590 aestima·

147 1625 328 1698 abantur.
379 1621 606 1698 lacerabant
638 1627 756 1723 regias
789 1637 925 1717 vestes,
960 1627 1007 1700 ad
1039 1627 1252 1725 aequisque
1285 1637 1426 1726 partem

183 1734 390 1820 trahentes:
427 1735 583 1810 dolabris
620 1737 800 1836 pretiosae
843 1737 929 1810 artis
964 1763 1052 1812 vasa
1086 1735 1301 1812 caedebant:
1336 1739 1424 1828 nihil

183 1868 304 1942 neque
334 1846 510 1918 intactum
544 1857 646 1938 erat,
674 1873 792 1946 neque
825 1849 1003 1946 integrum
1036 1849 1236 1938 ferebatur3
1271 1849 1426 1948 abrupta

149 1947 456 2030 osimulacrorum
481 1959 654 2050 membra,
679 1969 722 2032 ut
747 1959 896 2056 quisque
922 1960 1102 2050 avelleret,
1128 1959 1303 2034 trahebat
1328 2045 1331 2050 Ι
1353 1955 1423 2031 Νοέ

183 2055 257 2164 Δ(ιιιθ
288 2068 440 2140 avaritia
471 2069 607 2160 solum,
643 2068 709 2144 sed
742 2070 850 2144 etiam
885 2069 1090 2162 crudelitas,
1124 2070 1161 2142 in
1196 2079 1301 2168 capta
1333 2068 1424 2142 urbe

180 2188 350 2276 grassata
376 2189 448 2252 csta
485 2203 574 2252 auro
600 2189 821 2278 argentoque
846 2181 966 2255 onusti
991 2183 1075 2254 vilia
1099 2181 1324 2280 captivorum
1349 2205 1424 2253 cor·

184 2313 276 2386 pora
301 2287 549 2382 trucidabant,
582 2292 785 2390 passimque
818 2292 914 2366 obvii
940 2292 1199 2384 caedebantur,
1225 2317 1314 2389 quos
1339 2302 1424 2366 ante

150 2399 341 2502 rpretium
368 2401 424 2474 sui
449 2400 668 2476 miserabiles
693 2401 835 2476 fecerat
875 2403 978 2476 Multi
1004 2427 1090 2500 ergo
1116 2403 1272 2476 hostium
1297 2427 1424 2476 manus

185 2509 391 2584 voluntaria
415 2523 532 2586 morte
559 2525 835 2613 occupaverunt,
861 2508 1115 2614 pretiosissima
1130 2514 1285 2588 vestium
1310 2513 1425 2588 induti

184 2635 211 2716 'e
232 2622 344 2695 muris
379 2623 591 2722 semetipsos
627 2649 708 2698 oum
743 2626 951 2724 coniugibus
978 2649 1020 2698 ac
1045 2624 1164 2718 liberis
1189 2625 1226 2698 in
1252 2621 1422 2724 praeceps

185 2733 365 2808 iacientes.
419 2729 573 2822 Quidam
598 2737 718 2834 ignes,
753 2736 850 2833 quod
884 2737 991 2835 paulo
1017 2747 1100 2835 post
1126 2737 1283 2810 facturus
1309 2737 1423 2812 hostis

220 3004 279 3070 μ.
296 3019 349 3056 aon
366 3005 406 3056 od
420 3021 506 3067 usam,
524 3005 791 3083 sedadflosteatats'o·
824 3011 868 3058 ter
892 3004 963 3059 Flor.
985 3003 1012 3060 G
1038 3005 1084 3076 qui
1103 3005 1187 3058 lubet
1211 3021 1349 3076 quamque,
1376 3006 1424 3060 sad

183 3073 253 3139 ml
290 3070 476 3141 Corrupemnt
491 3071 579 3126 locum
597 3071 724 3139 aditores,
745 3073 791 3144 qui
824 3082 947 3126 neutrum
964 3073 1088 3126 Latinum
1111 3073 1224 3126 videtur.
1258 3073 1351 3144 ltaque
1376 3091 1424 3126 ιιι.

183 3141 260 3218 modo
277 3137 429 3194 sdiideutes
445 3139 791 3220 nutantiamsdvplgqrem
825 3141 913 3211 tiquos
938 3141 1051 3222 editopce
1077 3142 1225 3262 sequendos
1241 3141 1304 3195 mihi
1321 3143 1423 3212 putari.

183 3215 316 3261 ratonem
341 3217 507 3262 revocarunt
546 3207 576 3262 Ε
597 3217 694 3262 nostru
717 3209 790 3262 libna
824 3209 905 3264 Soak.
929 3227 988 3263 cum
1010 3228 1036 3263 ιιι
1062 3209 1233 3264 Lc1.Voss.
1259 3219 1270 3263 1
1301 3229 1423 3280 quemque

184 3291 227 3356 ne.
241 3293 309 3355 qum
337 3275 445 3346 quidem
466 3276 549 3357 habet
574 3293 658 3357 peque
684 3276 791 3332 Medius
824 3295 881 3332 ease
898 3279 1011 3358 scribat,
1027 3278 1103 3332 Voce.
1121 3285 1136 3332 2
1155 3296 1209 3332 non
1226 3287 1423 3358 commemorat,

183 3343 406 3494 winili?
420 3344 706 3495 lidiilibilss
733 3361 791 3400 “⁸⁰
824 3347 951 3468 iidil'lh'
968 3348 1423 3469 tlttttltssrlttl‘l'ffi

219 3483 244 3549 ς’
261 3487 286 3534 ⁴.
321 3499 409 3534 omma
430 3499 498 3552 qm
519 3499 626 3604 midi
739 3553 789 3606 bus
823 3555 892 3605 Voss
919 3560 931 3605 l
976 3556 1008 3605 In
1031 3553 1083 3605 fine
1152 3569 1184 3606 ue
1209 3554 1247 3606 int
1279 3571 1337 3605 nan
1361 3569 1422 3605 mss.

183 3549 790 3700 γωᾞφοκέΐῗάωώξίἀοιιὲιῗωιιιὲιῳ
824 3591 1012 3687 omnem-editi
1029 3637 1075 3674 aec
1093 3569 1229 3691 myram.
1248 3571 1278 3623 ῳ

183 3686 285 3740 ‘hm
301 3702 371 3752 Μ’
389 3687 514 3767 ‘imi‘m
531 3690 624 3768 ’'mi’i‘
640 3687 676 3741 ⁸¹¹
696 3687 750 3755 ὠ*
768 3707 790 3742 ⁸¹
852 3725 881 3843 ἒ.
901 3729 923 3777 c.
958 3733 1018 3776 cate
1031 3724 1146 3794 pretium
1163 3725 1215 3805 sur]
1247 3723 1315 3778 Edd.
1333 3732 1420 3790 anteo,

823 3807 851 3844 se

182 3771 260 3834 ’ΨΜ
276 3769 334 3808 “⁸⁰
350 3754 415 3836 dimi
432 3755 505 3835 ΨΜ
522 3757 647 3823 fflt'ff’
665 3755 687 3810 ‘i
705 3756 715 3810 i
732 3756 790 3816 'in'
887 3802 947 3845 aare
964 3793 1137 3915 probatissrmr
1155 3792 1214 3846 lrbn
1231 3791 1304 3846 Laid.
1317 3796 1392 3848 voss
1407 3800 1419 3846 1

183 3823 704 4014 ffihqmfflgnaeriffiffleffffi
720 3827 790 3948 ²:23¹
823 3861 946 4000 {lpurqu
987 3861 1068 3914 lor.A
1086 3860 1125 3930 (in
1143 3861 1166 3914 Β
1185 3861 1228 3916 bio
1244 3863 1339 3916 desunt
1356 3879 1421 3916 nou·

289 3978 322 4014 ur
338 3961 442 4041 passiva
459 3961 653 4029 terminatione,
671 3963 742 4042 quod
755 3964 789 4017 ab

176 3978 521 4084 ilsunlumoceraodio
541 4039 715 4102 etsaqq.1ta
731 4050 789 4085 mu·
825 4073 829 4079 .
858 4037 883 4096 s.
902 4040 925 4086 7.
960 4035 989 4086 in
1001 4049 1129 4102 praeceps
1146 4033 1282 4103 iacientes]
1317 4032 1421 4086 Editio-

183 4105 271 4150 tstum
285 4105 334 4151 'est
360 4107 392 4151 ut
417 4097 565 4152 scriberent
580 4100 785 4169 reperiebantur.
822 4118 869 4154 nas
886 4118 939 4154 una
955 4101 1079 4154 Modiana
1095 4109 1209 4172 excepta
1230 4103 1356 4154 iactantes
1374 4117 1422 4154 ex-

183 4163 280 4220 roua
296 4165 390 4236 aliquis
403 4169 566 4236 reperiebant
578 4183 669 4222 rarum
682 4177 786 4238 putare,
822 4169 914 4223 hibent
931 4185 1028 4236 omnes,
1046 4169 1146 4238 inepte,
1163 4185 1251 4239 neque
1267 4169 1336 4222 euim
1349 4170 1400 4222 istu

183 4233 212 4287 ni
238 4233 265 4287 id
290 4233 376 4306 ipsum
406 4245 555 4308 praestaret
586 4236 659 4310 quod
684 4237 786 4292 oodioes
820 4240 930 4292 verbum
946 4237 973 4290 in
991 4255 1020 4290 re
1057 4255 1105 4291 uae
1121 4238 1202 4292 semel
1223 4237 1254 4290 fit
1271 4237 1356 4291 locum
1374 4239 1420 4291 ha·

182 4301 318 4357 exhibent
820 4307 883 4360 bera
940 4315 1001 4360 test.
1064 4306 1113 4360 ibri
1139 4306 1201 4361 ιιιιιιιΙ
1232 4308 1336 4374 eadem,
1367 4325 1420 4378 qua

218 4372 243 4439 ς.
260 4377 285 4424 t.
302 4374 341 4425 ad
355 4390 385 4427 se
436 4374 509 4442 isque
520 4382 625 4443 partem
642 4375 783 4443 crateres]
819 4375 883 4429 editi
914 4375 1012 4440 slsum,
1035 4375 1185 4430 constantia
1209 4391 1301 4430 varum
1322 4393 1418 4448 suppe-

184 4438 270 4497 coda
287 4439 339 4494 mai
356 4441 401 4512 qui
421 4458 463 4496 am
480 4459 570 4498 omues
579 4459 784 4516 quenquepraa-
818 4445 905 4498 ditam
922 4447 1052 4500 iacientes.

593 3469 790 3562 oum'apm
824 3482 936 3536 arar.
980 3484 1002 3536 r
1069 3483 1144 3538 voa
1163 3490 1178 3537 ι
1197 3484 1254 3537 ru.
1274 3491 1306 3550 1,
1327 3456 1423 3554 ptati
1537 3485 1540 3490 ·
