3260 5042
100 270 107 282 ⁹
220 299 269 380 18
318 275 322 278 ’
691 311 724 374 o.
752 311 874 364 cuarn
898 310 985 364 surr

217 498 298 588 loci,
324 497 362 568 in
388 517 459 590 quo
485 495 668 591 pugnavit,
684 493 864 592 angustiis
890 491 1056 586 redactus
1082 500 1139 562 est
1163 489 1212 564 ad
1228 489 1461 586 paucitatem,

221 629 330 702 quam
354 605 393 676 in
417 603 522 678 hoste
547 613 819 699 contempserat
1304 669 1307 676 .

199 715 220 784 9
327 711 469 788 Interea
493 707 710 798 Alexander,
723 709 956 781 Abistamene
966 705 1214 803 Cappadociae
1239 708 1513 802 praeposito,rv

223 821 382 898 Ciliciam
407 833 532 922 petens
559 844 640 892 cum
665 817 829 890 omnibus
854 817 974 914 copiis,
1001 817 1194 914 regionem,
1220 839 1312 912 quae
1339 825 1464 886 castra

224 931 310 1033 Cyri
326 933 552 1032 appellatur,
584 937 805 1025 pervenerat
854 924 994 1002 Stativa
1025 927 1095 1000 illic
1128 927 1305 1000 habuerat
1331 921 1463 1021 Cyrus,

223 1069 307 1116 cum
331 1042 505 1116 adversus
533 1035 705 1112 Croesum
729 1039 767 1111 in
791 1037 942 1137 Lydiam
967 1037 1124 1112 duceret.
1170 1037 1311 1111 Aberat
1336 1059 1380 1107 ea
1404 1047 1501 1104 re·2

222 1155 282 1252 gio
316 1148 574 1248 quinquaginta
604 1148 720 1222 stadia
751 1149 796 1220 ab
828 1147 944 1238 aditu,
979 1173 1050 1243 quo
1078 1146 1237 1220 Ciliciam
1266 1147 1464 1218 intramus:

223 1260 334 1359 Pylas
366 1259 502 1333 incolae
537 1256 661 1330 dicunt
690 1256 883 1329 artissimas
914 1258 1054 1344 fauces,
1087 1254 1328 1342 munimenta,
1368 1278 1465 1349 quae

223 1395 334 1444 manu
359 1369 534 1468 ponimus,
561 1367 714 1438 naturali
739 1366 809 1438 situ
835 1366 1005 1438 imitante.
1052 1363 1164 1464 Igitur
1190 1363 1373 1452 Arsames,
1400 1363 1504 1458 quia

225 1477 368 1554 Ciliciae
395 1484 570 1574 praeerat,
595 1485 765 1573 reputans
791 1475 876 1574 quid
901 1476 1000 1550 initio
1026 1476 1111 1550 belli
1135 1473 1306 1550 Memnon
1332 1471 1464 1546 suasis-

224 1601 297 1676 set,
330 1584 512 1684 quondam
546 1587 688 1663 salubre
719 1588 903 1662 consilium
934 1611 1014 1661 sero
1047 1587 1177 1681 exequi
1203 1585 1348 1658 statuit:
1388 1580 1466 1679 igni

224 1697 390 1796 ferroque
417 1695 574 1771 Ciliciam
599 1707 734 1785 vastat,
768 1707 810 1768 ut
834 1697 928 1769 hosti
954 1693 1185 1769 solitudinem
1210 1695 1333 1766 saciat:
1367 1693 1465 1789 quic-

224 1805 312 1903 quid
337 1808 425 1884 usui¹
444 1814 565 1901 potest
590 1830 668 1878 esse
699 1806 908 1902 corrumpit,
942 1806 1061 1881 sterile
1096 1830 1138 1878 ac
1171 1802 1309 1876 nudum
1334 1803 1464 1891 solum,

225 1913 324 2012 quod
349 1915 444 1988 tueri
468 1915 648 2011 nequibat,
673 1915 869 1988 relicturus.
922 1912 995 1988 Sed
1025 1917 1132 2013 longe
1158 1915 1281 1986 utilius
1308 1913 1377 1984 fuit
1401 1927 1505 1983 an·4

224 2025 363 2122 gustias
389 2023 507 2097 aditus
514 2081 523 2116 ,
550 2025 610 2122 qui
637 2023 791 2098 Ciliciam
816 2026 947 2122 aperit,
982 2023 1102 2098 valido
1129 2049 1306 2120 occupare
1331 2022 1465 2120 praesi-

226 2132 302 2223 dio,
337 2135 530 2231 iugumque
562 2145 761 2232 opportune
794 2137 911 2208 itineri
935 2135 1123 2208 imminens
1150 2135 1332 2221 obtinere,
1367 2129 1466 2204 unde

225 2242 362 2316 inultus
389 2244 602 2326 subeuntem
628 2245 768 2318 hostem
793 2257 865 2350 aut.
880 2245 1081 2342 probibere,
1108 2255 1172 2318 aut
1186 2245 1388 2341 opprimere
1403 2266 1467 2339 po·
1535 2277 1538 2284 ¹

202 2447 205 2456 .
222 2408 344 2529 ierr'dwll
357 2409 506 2529 {nno'qtentt'o
523 2426 590 2476 meu,
608 2411 701 2463 deinde
713 2413 829 2464 tundet·
862 2407 1033 2532 antiquoqurq
1048 2409 1123 2531 cqtlld.
1141 2409 1285 2531 auctqritas
1305 2405 1469 2529 οιόρροέώῒ

302 2494 418 2530 enac
448 2517 455 2530 .
863 2495 911 2530 nus
937 2495 976 2531 ecr
1002 2496 1019 2529 ιι
1042 2497 1067 2530 rn
1094 2495 1202 2532 uerrma
1223 2495 1320 2530 veram

263 2542 328 2614 Cap.
347 2551 372 2612 9,
392 2547 416 2612 §.
436 2551 458 2598 1.
489 2545 668 2616 Abiatontene]
702 2547 829 2600 Arrianus
863 2547 896 2598 ad
914 2547 1041 2600 minorem
1060 2546 1160 2616 Cyrum
1177 2561 1273 2599 nomen
1296 2543 1346 2598 loci
1369 2539 1469 2596 rectius

227 2615 378 2676 Σαβίκταν
401 2611 531 2683 appellat,
557 2614 605 2666 aed
629 2614 749 2668 Curtram
771 2615 830 2668 bbn
864 2614 968 2666 videtur
982 2613 1112 2668 Arrianus
1129 2629 1163 2681 11,
1181 2622 1198 2667 4
1216 2613 1359 2666 rettulisse·

228 2677 278 2732 sibi
296 2687 427 2746 constant,
446 2681 563 2750 quamvis
580 2682 682 2735 varient
698 2685 732 2736 ub
748 2685 829 2737 tr'na-
897 2685 920 2750 §-
937 2689 962 2736 8.
989 2685 1129 2752 Arsames]
1164 2683 1249 2736 Miror
1274 2699 1322 2734 cur
1347 2677 1469 2756 Freiusb.
1539 2693 1545 2702 ·

227 2763 310 2811 mene,
328 2749 362 2800 ab
380 2750 536 2801 t'rtomene..
863 2758 1002 2819 tantopere
1024 2768 1074 2820 pro
1096 2751 1226 2819 scriptura
1252 2749 1329 2800 huius
1356 2761 1469 2800 nominis

264 2816 408 2881 regionem,
431 2832 498 2883 quaa
515 2826 603 2869 eastra
629 2817 693 2884 Cyri
713 2820 829 2888 appella·
864 2820 983 2870 Artanes
1006 2827 1121 2888 pugnet,
1139 2817 1265 2888 imprimis
1282 2834 1330 2870 cur
1347 2813 1470 2866 Herodo-

229 2891 282 2945 tur,
296 2884 463 2952 pervenerat]
498 2882 722 2954 Praepositionem
740 2890 767 2937 tn
784 2887 829 2938 ab·
864 2893 921 2938 tum
939 2894 1033 2938 testem
1050 2888 1283 2952 advocet1,139,
1307 2883 1405 2954 quippe
1422 2879 1469 2950 qui

161 2985 170 3006 ι
230 2965 287 3002 esse
304 2965 366 3001 sane
384 2967 463 3020 aegre
479 2950 543 3016 fero,
562 2969 646 3022 neque
663 2953 830 3023 enimpoeta-
865 2952 928 3005 illud
957 2963 1063 3006 tantum
1089 2955 1183 3008 doceat
1213 2953 1301 3007 omnia
1326 2951 1469 3004 Persarum

229 3017 419 3096 rumexenrpla
435 3017 501 3070 illud
518 3019 575 3072 lieri
591 3019 674 3072 solere
690 3020 753 3074 satis
770 3039 830 3091 pro-
863 3019 969 3074 nomina
993 3021 1084 3075 littera
1108 3040 1123 3075 a
1149 3021 1292 3074 taminari
1340 3022 1468 3072 Arverna

229 3085 308 3138 bant:
325 3085 689 3142 vrdeSanctiilllincrv.l1v
707 3089 739 3141 de
757 3107 830 3160 prae·
865 3089 978 3142 nuteml
1014 3089 1068 3142 'tur
1085 3089 1111 3142 iu
1129 3090 1235 3161 optimis
1256 3089 1334 3142 Voss.
1354 3093 1366 3140 1
1386 3086 1471 3138 Barn-

119 3147 123 3168 ³
230 3169 285 3224 pos.
304 3151 396 3222 ellipsi.
414 3152 468 3206 sad
481 3155 568 3208 nescio
585 3172 618 3208 an
635 3155 754 3226 scriptor,
773 3177 829 3212 eum
863 3158 890 3209 A
906 3157 976 3210 Flor.
1029 3156 1096 3224 CG,
1121 3159 1194 3211 etin
1210 3157 1285 3210 leid.
1302 3155 1397 3208 saltem
1414 3155 1470 3205 Ar-

230 3220 323 3272 urbem
339 3219 425 3274 intelli
445 3231 517 3289 eret,
543 3241 568 3274 m
613 3223 670 3276 sid
687 3225 735 3278 sibi
753 3225 829 3278 licere
864 3242 945 3277 sanes
962 3235 1011 3277 est.
1029 3226 1096 3279 Mox
1113 3227 1219 3280 tllemno
1237 3226 1271 3278 de
1288 3223 1385 3278 nostris
1401 3237 1470 3274 unus

230 3287 366 3368 putaverit
383 3240 444 3354 (CC
455 3299 542 3342 tamen
611 3306 644 3343 ιιι
671 3299 724 3358 al).
751 3293 831 3347 Certe
865 3294 943 3346 Bam.
962 3293 1001 3358 A,
1028 3295 1074 3346 sed
1100 3295 1216 3348 traditur
1241 3311 1257 3346 a
1280 3291 1415 3345 Snalrenb.
1432 3289 1471 3342 sic

231 3374 259 3408 tn
278 3354 390 3434 adiicere
408 3365 500 3410 contra
517 3359 631 3412 omnium
645 3332 768 3414 librorum
785 3380 830 3414 an·
865 3362 944 3414 ctiam
962 3361 989 3414 in
1007 3361 1080 3414 Leitl.
1099 3370 1127 3415 et
1144 3362 1222 3415 Voss.
1242 3369 1254 3413 1
1274 3375 1338 3412 essa.
1369 3359 1470 3411 Menon

231 3430 396 3500 ctoritatem,
409 3490 411 3496 .
425 3425 492 3478 sicut
510 3425 537 3478 in
558 3427 699 3507 appendice
721 3429 831 3482 Aldinae
865 3445 966 3500 semper
983 3429 1046 3484 edit.
1065 3447 1104 3500 pr.
1122 3431 1164 3485 cl.
1180 3431 1214 3484 ad
1233 3440 1261 3495 V,
1280 3435 1312 3482 28
1331 3435 1401 3480 extr·

231 3493 619 3611 EmpomturmModimlmrt,
637 3513 712 3574 nemo
728 3499 831 3551 audeat.
900 3499 1025 3616 quicquid
1044 3500 1106 3552 usui
1124 3508 1209 3577 potest
1232 3498 1301 3566 ease]
1337 3495 1382 3548 Sic
1403 3492 1471 3546 Sna-

257 3562 614 3628 tramuppelluturconsensu
631 3563 755 3618 librorum
772 3585 831 3618 mss.
865 3565 943 3619 kanb.
974 3566 1021 3618 'bri
1040 3575 1068 3619 et
1081 3561 1472 3636 merpraeterFlor.G,.vulgo

231 3633 320 3678 tutum
338 3633 380 3678 est
401 3628 455 3681 sere
477 3629 605 3698 omnium,
631 3639 734 3686 tantum
751 3633 830 3687 Bern.
866 3651 921 3686 esse
935 3643 1026 3701 potest.

230 3693 303 3746 Bet
318 3693 391 3747 flor.
409 3696 437 3748 H
460 3700 640 3766 appellantur,
667 3697 831 3770 Coppellct.
900 3704 1123 3768 §.teubauntem
1141 3704 1249 3772 bostem]
1273 3699 1364 3768 Vulgo
1378 3703 1472 3750 contra

231 3760 284 3814 Sed
303 3761 346 3841 ed.
363 3779 403 3832 pr.
420 3767 563 3832 appellunt,
581 3767 642 3820 Ald.
660 3785 676 3819 α
692 3771 831 3836 pellantur.
866 3785 954 3821 ornnes
981 3770 1083 3823 codices
1114 3779 1219 3823 nostros
1248 3771 1398 3823 subeuntem
1424 3771 1471 3816 aut

265 3837 363 3908 ¹etuttnq
392 3832 447 3884 ttttc
473 3835 610 3904 babuerat]
682 3837 750 3890 escio
775 3837 832 3906 quis
863 3839 999 3906 probibere
1016 3849 1062 3890 unt
1075 3841 1219 3906 opprimere
1232 3840 1328 3891 torrem
1343 3832 1472 3903 potuisset

231 3913 331 3974 primus
349 3898 387 3948 tbt'
402 3917 452 3976 pro
470 3901 525 3952 illic
543 3901 569 3953 in
587 3901 720 3972 vulgatam
733 3905 832 3958 intulc-
867 3923 926 3958 curn
956 3905 1021 3958 {alsa
1051 3907 1163 3976 quadam
1196 3903 1344 3974 elegantiae
1375 3897 1470 3968 speeie·

232 3973 278 4028 rrt,
296 3965 344 4016 aed
360 3964 424 4018 fecit
440 3977 532 4020 contra
550 3969 628 4023 libros
645 3973 772 4024 manuscri
792 3985 832 4026 tos
866 3973 971 4026 Medius
988 3973 1106 4027 codicum
1123 3993 1182 4027 mss.
1193 3973 1379 4026 auctoritatem
1397 3983 1471 4019 secu-

233 4039 262 4084 ct
279 4031 342 4084 olim
359 4033 453 4100 editos,
471 4035 552 4088 etiarn
568 4038 629 4089 Ald.
648 4039 705 4092 lun.
723 3992 795 4094 Mol.
869 4049 982 4106 tuaest,
1010 4041 1143 4095 Snakeub.
1162 4044 1195 4094 do
1217 4041 1291 4094 libris
1308 4038 1360 4090 suis
1379 4033 1471 4088 tacuit

268 4101 396 4152 adversm
417 4103 553 4173 Croesum]
572 4105 692 4176 Uterque
709 4109 787 4160 Bern.
806 4118 834 4162 et
869 4107 971 4162 Deinde
996 4127 1056 4166 cum
1081 4122 1142 4163 tunc
1165 4109 1191 4163 in
1215 4110 1274 4161 edd.
1292 4115 1375 4171 essct,
1403 4119 1471 4179 unus

232 4165 304 4218 Flor.
322 4167 418 4220 BGH
436 4174 563 4249 odansue
586 4191 632 4242 pro
654 4175 724 4245 vulg.
743 4180 833 4228 arla-er-
868 4177 973 4230 Aledius
990 4196 1059 4230 nunc
1076 4178 1167 4242 edidit,
1186 4186 1215 4230 et
1223 4175 1326 4246 reliqui,
1345 4172 1390 4242 qui
1408 4170 1471 4222 alibl

233 4252 300 4312 stent,
319 4252 335 4286 a
352 4235 433 4288 Snnk.
452 4239 516 4290 mhrl
534 4249 649 4293 notatur.
676 4243 833 4296 commutari
868 4246 920 4296 sere
937 4244 1010 4296 illurn
1028 4246 1220 4310 nonnudirent,
1239 4241 1471 4298 lrocloconudieu-

234 4311 298 4354 istas
315 4303 460 4383 st'r'lmln
477 4306 550 4360 libris
569 4327 626 4360 mss.
645 4321 762 4376 constat,
789 4315 833 4364 dc·
868 4314 929 4364 dum
959 4321 1088 4382 putarunt
1120 4315 1332 4384 scripseruntque
1363 4319 1392 4362 et
1422 4307 1471 4377 ipsi

232 4368 318 4424 lectus
344 4371 473 4427 difficilior
498 4383 546 4428 cst
591 4377 627 4428 ll.
644 4377 661 4430 l.
679 4388 707 4432 ct
724 4381 834 4434 duorum
867 4399 935 4434 nunc
961 4412 996 4422 -
1021 4393 1091 4436 retro
1113 4385 1170 4453 ipse
1188 4385 1321 4437 concessit.
1359 4375 1473 4445 Legitur
