3260 5042
217 303 265 374 66
607 359 628 366 ,Ν
667 315 717 380 o.
744 316 869 369 curru
892 317 979 369 nurr
1069 323 1071 328 ¹

213 495 411 586 maara,
442 523 466 570 a
496 497 587 574 vobr's
618 514 786 600 acceptam
817 501 934 575 lobna
964 509 1000 575 se‘
1031 527 1182 598 reynssn.
1240 495 1362 594 Atque
1386 495 1449 586 illi,
1473 517 1511 564 ra

215 613 297 679 'cum
313 607 453 684 ¹multos
478 609 667 688 ¹imminere
702 623 824 684 tantae
849 611 927 706 spei
952 621 1156 696 cernerent,
1190 609 1337 706 singulis
1364 607 1451 680 ami·

214 743 337 790 corum
362 719 561 795 Alexandri
593 721 639 794 ob
673 721 816 791 nimiam
849 717 950 813 regni
984 717 1217 813 cupiditatem
1249 717 1450 808 adrdantes,
1510 731 1513 734 ’

214 839 387 920 statuunt,
400 833 577 904 neminem
603 853 681 902 esse
706 827 881 922 potiorem
908 851 1016 922 qnam
1027 825 1321 922 Abdalonymum
1340 854 1450 922 quen·

213 938 307 1030 dam,
334 941 441 1037 longa
465 940 610 1034 quidem
636 934 846 1032 cognatione
872 935 975 1034 stirpi
1002 937 1120 1034 regiae
1147 960 1347 1024 annexum,
1382 937 1449 1008 sed

212 1051 259 1124 ob
294 1051 450 1146 inopiam
487 1045 731 1120 suburbanum
772 1044 917 1116 hortum
957 1046 1089 1144 exigua
1123 1047 1300 1118 colentem
1342 1045 1445 1142 stipe.
1511 1087 1514 1090 -

154 1175 157 1180 '
212 1157 330 1232 Causa
355 1158 388 1228 ei
414 1157 650 1253 paupertatis,
676 1156 768 1229 sicut
793 1156 986 1253 plerisque,
1012 1154 1175 1254 probitas
1202 1167 1297 1228 erat:
1332 1157 1445 1228 inten·
1465 1170 1507 1220 20

210 1278 340 1362 tuaque
365 1265 464 1362 operi
490 1264 628 1356 dimno,
654 1267 843 1364 strepitum
869 1293 1066 1358 armorum,
1093 1265 1154 1363 qui
1181 1275 1296 1337 totam
1320 1265 1445 1338 Asiam

210 1386 448 1464 concusserat,
474 1401 548 1448 non
558 1377 797 1456 exaudiebat

157 1499 183 1567 4
313 1483 439 1559 Subito
465 1486 594 1560 deinde
620 1487 819 1583 dequibus
846 1496 931 1558 ante
958 1486 1095 1560 dictum
1120 1497 1191 1576 est,
1217 1509 1299 1557 cum
1325 1484 1444 1582 regiae
1465 1507 1506 1556 21
1559 1532 1564 1540 -

209 1597 321 1669 vestis
353 1597 549 1696 insignibus
580 1599 725 1670 hortum
755 1596 911 1686 intrant,
943 1621 1050 1692 quem
1081 1598 1175 1669 forte
1201 1596 1340 1670 steriles
1365 1594 1444 1666 her-

208 1707 273 1780 bas
305 1707 438 1802 eligens
463 1705 735 1804 Abdalonymus
768 1705 996 1803 repurgabat.
1048 1705 1142 1777 Tum
1173 1729 1257 1800 rege
1282 1730 1327 1776 eo
1353 1705 1444 1776 salu·
1465 1727 1505 1776 aa

92 1891 94 1895 ,
207 1827 296 1904 tato,
323 1816 413 1886 alter
437 1840 485 1887 ex
510 1813 584 1888 his:
622 1813 775 1904 Habitus,
800 1815 925 1911 inquit,
951 1815 1004 1890 tic
1028 1815 1137 1906 vestas,
1162 1838 1260 1915 prtem
1279 1813 1443 1886 cambia
1503 1851 1510 1858 ·

206 1926 289 1998 nwrs
313 1924 480 2016 morsibus,
514 1949 590 1998 cum
614 1924 674 1999 isto
699 1924 851 2026 squalore
869 1923 1117 2023 permamrdus
1141 1923 1202 1996 ati
1224 1936 1281 1996 est
1334 1922 1441 1996 Ablue

206 2059 327 2132 corpas
352 2021 689 2134 davn'aesernispoe
720 2035 873 2110 sordidare
904 2034 1113 2130 sqadrdssn:
1145 2059 1230 2132 cope
1254 2033 1344 2131 repas
1369 2031 1442 2104 oni·

205 2170 313 2235 mum,
344 2145 741 2245 etenennsurtunom,
774 2141 1442 2244 padanusesssrameoruinennm

199 2258 327 2356 perfer.
365 2253 413 2326 Et
435 2279 512 2327 cum
533 2255 570 2326 in
594 2255 700 2354 repuli
722 2255 803 2330 solio
827 2255 1093 2346 residebavitae
1117 2255 1268 2354 necisque
1293 2253 1443 2328 nnumin

206 2365 329 2438 civium
354 2363 526 2454 doninus,
560 2387 638 2438 cave
663 2364 864 2440 obliviscaris
888 2365 988 2438 liuius
1012 2377 1130 2456 susus,
1165 2364 1202 2436 in
1227 2387 1292 2464 quo
1317 2362 1443 2460 accipis

240 2559 323 2622 §¹9-
345 2566 373 2608 nt
408 2556 496 2622 eills]
531 2553 577 2608 Sic
599 2554 662 2607 edit
679 2553 752 2608 Mod.
778 2563 807 2607 et
838 2554 940 2609 codices
957 2573 1018 2608 mss.
1035 2570 1126 2608 omnes
1142 2561 1172 2606 et
1188 2553 1252 2606 edit
1269 2551 1406 2624 princeps,
1426 2568 1444 2604 a

96 2667 101 2677 ,
204 2639 293 2678 omnes
323 2624 396 2677 cod.
424 2622 509 2677 nostri
544 2631 573 2676 et
603 2622 725 2676 Snakenb
778 2623 803 2689 'i,
838 2640 891 2694 qua
911 2622 1032 2676 Merulae
1055 2641 1110 2676 non
1138 2621 1270 2692 discrepat
1296 2620 1347 2674 nisi
1371 2619 1444 2700 quod

172 2729 174 2740 ,
203 2709 309 2760 prorsus
337 2700 423 2757 recte,
456 2708 516 2744 cnm
544 2691 578 2744 ad
607 2691 685 2744 linem
712 2702 758 2744 ten
776 2700 805 2745 at
836 2691 960 2744 mendose
976 2692 1018 2744 tic
1035 2691 1144 2744 omittit
1170 2689 1225 2744 Sed
1241 2689 1327 2741 Aldus
1344 2704 1444 2758 primus

203 2757 331 2810 narratio:
350 2759 428 2828 vulgo
445 2769 480 2810 nt.
835 2759 981 2829 genitivum
1004 2761 1081 2811 vatis
1104 2758 1192 2812 omisit
1213 2771 1327 2826 eumque
1347 2753 1444 2834 reliqui

238 2827 385 2892 adulantes]
405 2824 490 2879 Codd.
508 2825 612 2896 quidem
630 2843 719 2879 omnes
738 2829 805 2880 ada·
837 2828 893 2880 sine
911 2826 965 2878 ulla
981 2825 1148 2880 dubitatione
1165 2825 1247 2879 secuti
1255 2833 1327 2890 sunt,
1336 2823 1444 2876 Modrus

205 2894 319 2946 lontibus
336 2893 474 2960 mendose,
499 2895 570 2964 quod
593 2895 627 2946 ab
644 2911 675 2947 eo
693 2895 804 2964 primum
837 2895 942 2965 quidem
959 2894 997 2947 sic
1013 2903 1044 2946 ut
1062 2896 1142 2946 etiam
1159 2895 1201 2947 loir
1218 2891 1362 2946 omitteret.
1387 2889 1443 2944 Pu·

94 2989 103 3002 „.
204 2959 332 3041 scriptum
360 2961 467 3042 videtur
495 2961 541 3032 qui
565 2962 600 3014 ad
625 2979 805 3031 praegressum
838 2962 1000 3042 tantenim'
1015 2961 1206 3016 nominativum
1231 2977 1288 3041 esse
1316 2961 1393 3013 vestis
1411 2965 1446 3020 ‚et

93 3147 94 3150 γ
171 3029 805 3210 ·};tttlt,t,}³¹„t‚⁹l⁰tatsttt‚lt,t
837 3029 1036 3170 ttttttt
1049 3026 1445 3176 &attitulat

211 3183 234 3216 rs
266 3182 391 3217 amicos
421 3167 590 3218 adulantibus
621 3167 802 3235 corrigendum
836 3166 874 3220 sic
899 3165 925 3218 b.
947 3166 966 3218 l.
992 3169 1025 3220 ltu
1043 3169 1095 3220 itus
1118 3168 1197 3220 vestis
1225 3166 1337 3229 dieitur,
1368 3179 1444 3233 quasi

200 3230 389 3298 existimantis,
408 3249 469 3284 nam
481 3231 531 3284 illa
548 3232 604 3302 ipsa
620 3251 672 3286 vox
689 3236 801 3312 singulis
835 3234 922 3288 uultus
939 3233 1028 3304 regine
1044 3234 1140 3288 vestis:
1163 3235 1266 3286 nobitas
1290 3229 1360 3283 enim
1382 3247 1444 3302 pro-

200 3317 253 3351 non
271 3299 351 3351 habet
369 3317 422 3380 quo
444 3311 517 3354 recte
540 3301 668 3354 reseratur
690 3302 739 3353 nisi
755 3318 801 3371 ge·
834 3303 891 3374 prie
909 3306 992 3357 torma
1009 3310 1120 3356 aterna
1137 3309 1185 3362 est
1203 3309 1284 3370 atque
1301 3298 1339 3352 ita
1354 3313 1398 3364 m,
1416 3305 1442 3363 t,

200 3365 312 3419 nltimam
329 3385 470 3421 amicorum
493 3371 643 3422 Alexandri
663 3369 800 3423 addideris.
834 3377 860 3436 3,
879 3372 908 3423 in
924 3389 953 3424 eo
970 3373 1049 3424 vestis
1067 3372 1156 3424 lubitu
1175 3368 1280 3438 legitur,
1298 3367 1442 3437 undepen-

200 3432 285 3487 Recta
301 3434 407 3489 omnino
424 3435 537 3490 Aldinus
563 3436 649 3490 editor
665 3439 801 3490 adulantes
835 3437 910 3491 latim
937 3455 970 3492 eo
992 3437 1100 3492 devenit
1122 3446 1154 3489 ut
1176 3454 1231 3489 non
1253 3446 1309 3488 tam
1331 3443 1440 3501 vestem,

199 3502 324 3556 restituit.
854 3524 915 3558 uam
931 3507 1056 3560 vestitum
1074 3504 1241 3575 significaret.
1275 3503 1393 3558 Bernss
1411 3511 1442 3554 et

234 3589 311 3639 quom
329 3572 450 3624 Abdalon
493 3574 545 3639 um]
571 3571 694 3626 Edebant
720 3571 799 3642 vulgo
833 3573 904 3627 llos.
923 3573 949 3626 G
966 3591 1043 3642 ᾳιιαηι
1061 3575 1167 3628 babent.

76 3697 82 3705 .
199 3640 405 3691 Abdalomr'num.
461 3640 495 3690 cd
518 3641 715 3706 Abdulonimunr
737 3640 800 3694 scri·
868 3643 946 3694 istam
964 3644 1148 3695 continentium
1160 3642 1262 3710 perfer]
1299 3639 1344 3694 Sic
1360 3639 1439 3692 Voss.

198 3706 265 3758 bunt
283 3705 382 3759 codices
407 3705 481 3758 Leid.
500 3707 712 3774 Voss1,Bern
727 3717 799 3762 uter·
835 3717 847 3762 1
868 3717 897 3762 et
914 3725 1003 3762 omnes
1021 3709 1091 3764 Flor.
1109 3728 1158 3781 pro
1175 3708 1247 3778 vulg.
1303 3725 1372 3774 cer,
1397 3723 1439 3760 re·

199 3790 251 3842 quc
274 3782 303 3826 et
319 3773 384 3826 Flor
405 3774 588 3852 ABDEFHI,
611 3775 679 3855 sicut
701 3776 799 3856 dudum
832 3775 961 3845 ctissime,
983 3785 1024 3830 est
1041 3777 1109 3856 enim
1128 3795 1177 3848 pm
1194 3727 1323 3843 arnalii,
1345 3774 1439 3828 immu-

197 3841 799 3988 tltllt‘ttdatattttlt
832 3845 1358 3984 ttttl“·,dti⁸tst⁶l;,t⁰ttt
1374 3845 1439 3964 isid.

196 3986 245 4029 cst.
280 3977 352 4029 llmc
374 3985 454 4030 etum
479 3977 591 4042 Diodori
608 3977 798 4048 Baitaivnpos
831 3982 961 4052 expressis
980 3932 1075 4034 litteris
1093 3981 1202 4051 scripsit
1237 3981 1324 4032 Abest
1347 3987 1436 4058 tamen

194 4057 274 4108 RVH,
293 4051 325 4098 46
348 4045 589 4106 emendandusest,
831 4050 928 4104 abillo
946 4049 1071 4104 librorum
1090 4067 1150 4102 mss.
1171 4065 1297 4101 consensu
1314 4045 1388 4100 leid.
1407 4053 1436 4098 et

232 4111 296 4182 Cap.
316 4121 346 4178 4,
365 4117 387 4180 §.
406 4120 446 4166 22.
482 4105 612 4182 ramseye
629 4115 688 4194 cet]
725 4116 797 4170 Tunc
831 4119 910 4172 Bern.
928 4130 967 4183 A,
992 4134 1026 4169 ex
1049 4118 1143 4187 quibus
1164 4116 1228 4168 nihil
1250 4115 1354 4184 avulg.
1372 4113 1436 4168 scri·

197 4181 267 4249 quod
286 4180 312 4232 in
330 4181 406 4234 editis
423 4191 529 4251 praeter
545 4182 618 4234 Mod.
637 4182 747 4252 legitur,
771 4185 796 4238 in
831 4195 910 4256 ptura
927 4185 1058 4238 diversum
1076 4193 1196 4236 notatum
1213 4193 1261 4236 est.

195 4265 248 4301 uno
266 4256 369 4300 tantum
386 4248 497 4302 Flor.B
521 4258 576 4316 est,
600 4265 684 4321 neque
706 4261 796 4322 aptum
863 4257 940 4307 laius
964 4255 1058 4320 slatus]
1099 4255 1184 4305 Abest
1210 4263 1293 4305 stolus
1317 4268 1334 4302 a
1359 4251 1434 4304 codd.

192 4316 228 4368 ad
246 4316 428 4369 nnn-ationem.
577 4341 582 4352 ·
830 4323 909 4374 Ber-n.
928 4323 954 4374 A
971 4321 1042 4374 Flor.
1056 4320 1141 4385 ABG,
1159 4319 1186 4372 in
1204 4319 1321 4388 margine
1337 4316 1432 4372 codicis

228 4385 344 4452 babitus,
363 4387 459 4453 inquit,
477 4387 519 4440 lu'c
537 4390 627 4455 vestis,
645 4393 728 4458 quern]
753 4387 797 4442 Sic
831 4389 958 4444 Gallenn
980 4407 1060 4442 aranu
1081 4387 1255 4458 adscriptum,
1279 4402 1328 4438 nec
1352 4385 1378 4439 in
1401 4385 1433 4438 iis
