3324 5054
486 317 553 388 *ns
579 337 708 390 easms
741 337 851 388 snex.
876 337 927 406 1v,
954 335 999 387 rr.
1315 315 1386 386 133

510 430 541 480 ο

135 515 280 587 hostem
293 518 562 594 contenderent
601 518 730 591 Melius
757 515 876 587 adhuc
902 525 1004 588 ratus
1031 517 1068 587 in
1095 515 1223 590 eodem
1248 517 1387 590 tumulo

137 634 259 698 casua
289 631 444 720 munire,
477 631 613 702 vallum
644 627 712 698 iaci
743 626 865 700 iussit:
897 637 1116 724 strenueque
1142 650 1250 724 opere
1275 630 1389 723 perfe-

139 745 210 826 cto,
235 739 272 811 in
298 740 586 826 tabernaculum,
614 763 660 810 ex
688 763 760 834 quo
786 747 866 810 tota
892 739 987 811 acies
1013 739 1172 810 hostium
1198 736 1388 832 conspicie-

137 845 257 938 batur,
283 849 465 922 suecessit.

66 971 139 1021 ΗΠ-
243 957 336 1029 Tum
368 981 456 1028 vero
489 958 658 1031 universa
688 958 800 1030 futuri
836 955 1047 1028 discriminis
1079 954 1187 1027 facies
1213 956 1250 1027 in
1276 957 1439 1028 oculisli

140 1077 233 1138 erat:
267 1067 375 1137 armis
411 1067 608 1166 insignibus
643 1069 724 1164 equi
757 1067 895 1163 virique
922 1064 1180 1163 splendebant,
1208 1075 1245 1138 et
1270 1066 1390 1138 omnia

138 1175 331 1248 intentiore
358 1201 445 1250 cure
471 1177 678 1276 praeparari
705 1177 803 1273 apud
829 1178 987 1267 hostem,
1020 1174 1222 1250 sollicitudo
1249 1186 1388 1274 praeto·

102 1302 221 1355 erum
247 1287 392 1383 agmina
427 1311 493 1358 sua
527 1287 859 1384 interequitantium
885 1285 1119 1376 ostendebat,
1151 1311 1194 1361 ae
1218 1287 1389 1384 pleraque

137 1395 268 1486 inania,
294 1398 388 1469 sicut
413 1396 576 1470 fremitus
604 1400 799 1488 hominum,
823 1421 997 1495 equorum
1023 1387 1193 1486 hinnitus
1207 1420 1389 1469 armorum

137 1505 423 1578 internitentium
457 1506 590 1602 fulgor,
627 1507 778 1580 sollicita
804 1508 1057 1605 expectatione
1083 1516 1240 1580 mentem
1266 1506 1388 1578 turba·

103 1623 279 1687 sverant.
320 1613 434 1710 Igitur
461 1616 537 1688 sive
563 1615 695 1690 dubius
722 1618 841 1707 animi,
868 1619 945 1691 sive
971 1626 1014 1689 ut
1040 1641 1126 1689 suos
1153 1617 1390 1714 experiretur,

139 1722 327 1800 consilium
363 1722 526 1814 adhibet,
570 1725 657 1822 quid
688 1727 864 1825 optimum
898 1729 997 1800 factu
1032 1735 1143 1816 esset,
1187 1727 1389 1823 exquirens:

101 1832 345 1923 eParmenio,
372 1835 608 1931 peritissimus
633 1839 728 1910 inter
754 1836 863 1910 duces
891 1839 1024 1910 artium
1048 1836 1150 1927 belli,
1175 1836 1289 1927 furto,
1315 1860 1390 1909 non

138 1943 276 2040 proelio
303 1967 395 2040 opus
422 1967 502 2016 esse
528 1945 714 2019 censebat:
741 1946 959 2044 intempesta
984 1956 1091 2019 noete
1118 1947 1269 2044 opprimi
1282 1969 1390 2043 posse

137 2053 280 2128 hostes:
307 2052 492 2126 discordes
518 2056 688 2146 moribus,
715 2057 856 2154 linguis,
883 2055 931 2128 ad
957 2057 1026 2128 hoe
1053 2081 1180 2130 somno
1202 2065 1239 2128 et
1261 2057 1390 2153 impro-

137 2165 218 2236 viso
258 2162 418 2260 periculo
456 2165 617 2253 territos,
662 2165 808 2261 quando
833 2166 885 2238 ·in
925 2176 1106 2240 nocturna
1150 2163 1389 2262 trepidatione

103 2265 323 2346 s'coituros?
375 2273 429 2344 At
462 2274 619 2348 interdiu
654 2275 811 2373 primum
837 2276 1015 2348 terribiles
1042 2297 1253 2348 occursurae
1279 2275 1388 2347 facies

140 2379 360 2480 Scytharum
385 2381 747 2480 Bactrianorumque:
773 2385 869 2458 hirta
894 2386 963 2458 illis
990 2409 1055 2457 ora
1081 2401 1119 2457 et
1143 2384 1305 2458 intonsas
1332 2409 1390 2457 oo·

139 2517 219 2566 mas
246 2517 342 2581 esse,
373 2504 562 2590 praeterea
595 2495 764 2567 eximiam
790 2504 979 2568 vastorum
1004 2492 1287 2592 magnitudinem
1314 2520 1389 2568 cor·

124 2627 280 2701 ‘porum
333 2601 448 2676 Vanis
475 2614 512 2676 et
536 2604 703 2678 inanibus
735 2605 885 2676 militem
911 2605 1025 2702 magis
1058 2627 1166 2700 quam
1191 2603 1295 2676 iustis
1320 2605 1390 2676 for-

140 2713 284 2786 midinis
317 2715 434 2787 causis
465 2716 612 2788 moveri.
673 2712 815 2788 Deinde
850 2724 990 2788 tantem
1024 2713 1291 2787 multitudinem
1326 2715 1390 2786 eir·

175 2907 202 2971 ς.
215 2911 259 2958 24.
282 2906 312 2957 in
334 2905 531 2958 retentaculum
548 2907 674 2959 successit
704 2903 749 2959 Sic
782 2912 812 2958 et
830 2905 904 3024 quod
923 2905 1044 2959 sodium
1067 2903 1213 2976 scripturae
1232 2903 1322 2958 obstet
1339 2919 1391 2975 ego

140 2972 168 3024 in
190 2973 244 3025 nris
270 2972 430 3025 membranis
447 2973 554 3026 Modius
571 2973 637 3026 etS
693 2973 749 3028 ,in
782 2972 838 3026 nihi
866 2973 984 3026 invenire
1001 2989 1118 3044 possum.

139 3037 216 3092 Isiu
234 3039 314 3093 Voss
334 3047 347 3092 1
367 3039 482 3106 invenit,
500 3047 529 3093 et
580 3055 650 3094 oex
666 3040 748 3094 Bern.
818 3043 842 3108 ξ.
860 3047 885 3094 4.
930 3043 1065 3095 discordes
1091 3040 1217 3108 northus]
1258 3039 1340 3094 Bern.
1365 3041 1391 3092 A

138 3109 166 3160 Δ
182 3115 213 3160 et
230 3107 364 3161 Flor.AB
382 3109 554 3161 motatumvi
572 3125 661 3180 eopro
675 3109 749 3190 vulg.
782 3107 855 3161 Flor.
889 3109 964 3163 ABG
992 3108 1066 3162 Leid.
1093 3108 1170 3162 Voss.
1203 3115 1216 3160 1
1250 3109 1391 3174 discordis,

139 3177 258 3230 aweit.
292 3174 426 3228 Nimirum
450 3176 477 3228 in
502 3175 575 3230 edito
593 3176 660 3230 oolle
678 3193 750 3248 posi-
783 3177 856 3297 quod
881 3184 1003 3248 superest
1019 3192 1054 3229 ex
1072 3175 1183 3248 antiqua
1201 3173 1391 3256 ὀρᾷογραφιᾳ,

138 3251 202 3322 tum
216 3251 276 3296 erut
292 3243 396 3312 regium
410 3245 618 3310 tabernecrrlum,
637 3253 666 3297 et
677 3245 750 3315 quod
812 3261 857 3296 um
868 3248 906 3297 ad
922 3243 1148 3326 hocuseribendum
1157 3251 1249 3314 putari
1258 3259 1308 3313 pro
1317 3243 1389 3313 vulg.

137 3311 421 3432 fflii‘mmffli
434 3321 567 3432 titt*
584 3323 676 3366 “W''
703 3330 750 3384 Ψ
783 3314 927 3433 iiiiii
955 3311 1299 3434 ”tdt‘ttthttttl
1313 3310 1390 3432 titt
1479 3383 1483 3391 -

173 3479 242 3552 cap.
267 3487 317 3546 47,
345 3483 369 3548 5,
397 3487 421 3534 1,
461 3483 620 3549 mmmm]
663 3481 748 3536 cod&
782 3447 1013 3570 ξὲξὶῗόιῡΕΘΙ
1031 3449 1112 3502 Bern.
1130 3448 1154 3500 B
1173 3450 1258 3501 odlrue
1275 3455 1324 3499 est
1347 3447 1390 3500 Cl'.

137 3557 255 3688 m
274 3549 680 3685 fflimlsslelgbffmbffign
702 3567 749 3671 Ἓξ,
818 3587 842 3656 5.
862 3590 885 3636 5.
922 3587 1045 3638 eximium
1072 3594 1206 3639 vastmnm
1229 3585 1391 3703 magnitudi-

137 3685 325 3738 mmm·
357 3683 413 3737 sed
429 3691 502 3737 recte
519 3695 663 3738 mmm
681 3695 748 3756 pum
782 3669 840 3771 perp
859 3670 895 3732 co⁸
921 3654 1020 3733 orum].
1044 3653 1129 3732 Nihil·
1145 3661 1187 3705 est
1213 3670 1271 3732 quq
1307 3651 1390 3705 Snalr.

803 3759 809 3771 ι
839 3759 846 3771 ·
869 3721 887 3771 d
928 3722 1034 3774 culturis
1060 3729 1159 3786 mont,
1193 3738 1320 3788 eximium,
1337 3737 1391 3773 uon

784 3787 903 3841 adbiberi
920 3789 952 3858 pin
976 3789 1072 3842 mulam
1098 3797 1219 3859 partem3
1245 3788 1298 3841 hoc
1320 3787 1391 3840 enim

783 3855 890 3909 videtur
915 3857 1028 3910 voluisse
1055 3857 1151 3910 dicere.
1192 3857 1289 3926 Neque
1320 3856 1391 3908 euim

783 3923 859 3976 deest
877 3943 945 3978 unns
962 3933 991 3978 et
1008 3925 1077 3978 alter
1095 3925 1166 3978 locus
1184 3925 1228 3996 qui
1242 3925 1322 3977 etism
1341 3924 1392 3976 hoe

784 3993 896 4062 probet,
924 4013 949 4044 v.
968 4011 990 4047 c.
1009 3993 1065 4047 Cic.
1084 3993 1111 4047 iu
1128 3993 1206 4046 Ver-r.
1224 4007 1265 4058 ιν,
1283 3998 1318 4044 20
1336 3993 1391 4044 exi-

174 4061 200 4126 ς.
227 4063 254 4110 2.
296 4057 411 4109 sollicita
442 4059 615 4126 expectatione
640 4068 749 4111 nentem
782 4063 837 4112 mio
860 4063 979 4126 iniuria,
1006 4069 1035 4113 et
1061 4063 1113 4114 hoc
1138 4060 1198 4114 loeo
1222 4059 1286 4113 nihil
1305 4059 1392 4112 mulae

139 4127 222 4196 trab]
241 4123 374 4176 Vetemm
391 4124 545 4190 editionum,
564 4141 675 4195 quarum
684 4127 749 4179 mihi
783 4128 867 4197 partis
891 4139 938 4181 est
976 4129 1093 4183 Omnino
1118 4131 1228 4182 eximius
1252 4145 1310 4182 cum
1332 4127 1390 4198 ple-

140 4195 251 4264 quidun
269 4209 332 4244 ustus
349 4193 478 4262 suppetit,
496 4194 581 4262 prium
595 4192 693 4246 Aldina
710 4213 750 4246 so·
783 4213 893 4265 rumque
911 4199 944 4249 ud
963 4198 1067 4250 laudem
1085 4197 1182 4264 valeat,
1201 4213 1391 4266 nonnunquam

139 4265 243 4315 licitum
270 4261 359 4312 habet
405 4261 472 4312 Eam
508 4270 612 4313 ceter-uc
642 4271 750 4314 secutae
784 4272 887 4328 maren,
906 4266 975 4318 sicut
992 4269 1046 4318 insi
1065 4268 1121 4330 nis,
1139 4268 1299 4335 amputans,
1318 4281 1391 4332 epre-

140 4341 222 4394 sunt,
241 4329 294 4381 etsi
321 4327 348 4379 in
366 4329 443 4380 codd.
462 4336 491 4380 et
509 4329 635 4382 Sustinet
653 4331 751 4383 nostris
782 4334 859 4400 piris,
882 4333 947 4386 illud
971 4285 1102 4405 signidem
1126 4335 1199 4405 quod
1216 4353 1264 4387 nos
1281 4333 1390 4385 dicimus

139 4401 259 4452 souidra
281 4396 396 4466 legetur.
431 4395 529 4448 Sensus
551 4413 604 4450 nou
622 4407 750 4466 maurus,
786 4400 922 4467 suffultum.

137 3753 296 3806 mondoum
313 3751 387 3804 verbi
406 3751 625 3806 terminationem.
642 3753 749 3807 Medius

138 3821 227 3874 edidit
250 3831 275 3872 et
301 3821 390 3872 omnia
414 3821 536 3873 interiore
552 3839 617 3874 mira
629 3839 749 3890 praepu-

138 3891 214 3941 rori:
239 3889 379 3940 solicitudo
397 3897 551 3955 praeturum
573 3889 680 3958 aornim
697 3907 749 3944 suu

139 3957 385 4025 intereqsdtuntimn
403 3956 594 4024 ostendebatur,
613 3965 749 4028 corrupte.
