3336 5066
200 330 280 406 214
611 325 616 334 ’
693 340 727 403 o.
751 337 876 390 curru
899 339 984 390 surr

202 527 297 598 forte
329 533 464 598 temere
498 523 655 599 humana
679 523 824 624 negotia
848 522 947 596 volvi
974 523 1103 620 agique
1129 548 1343 622 persuasum
1369 532 1446 596 eet:

180 634 387 734 [equidem
411 647 559 712 aeterna
584 637 837 712 constitutione
864 631 1108 732 crediderim}
1128 659 1298 731 nexuque
1324 658 1448 707 causa·

203 769 285 818 rum
311 745 515 839 latentium,
550 775 598 822 ex
623 750 735 822 multo
767 759 851 820 ante
883 746 1159 833 destinatarum,
1193 767 1299 816 suum
1325 770 1447 841 quem·

205 881 276 954 que
302 857 466 933 ordinem
491 860 701 960 immutabili
727 861 806 957 lega
833 879 1049 956 percurrere.
1101 853 1243 929 Dareus
1270 866 1369 928 certe
1394 881 1450 929 re·
1470 873 1510 922 ιι

204 969 368 1069 spondit,
401 993 617 1066 quamquam
643 970 709 1042 sibi
737 967 956 1043 Graecorum
981 965 1134 1038 rnilitum
1160 966 1250 1038 fides
1277 975 1367 1038 nota
1392 966 1450 1054 sit,

205 1103 392 1176 nunquam
418 1089 539 1150 tamen
565 1103 588 1150 a
612 1078 843 1176 poprdaribus
876 1081 949 1152 suis
975 1101 1211 1151 recessurum.
1264 1074 1453 1148 Difficilius

208 1189 277 1262 sibi
308 1212 388 1260 esse
427 1185 614 1276 damnare,
652 1213 759 1283 quam
794 1189 919 1288 decipi.
987 1183 1166 1282 Quicquid
1200 1187 1275 1260 fors
1309 1186 1454 1260 tulisset

157 1315 170 1378 ,·
206 1294 301 1370 inter
328 1319 413 1370 suos
439 1297 578 1395 perpeti
603 1298 718 1387 malle,
744 1325 852 1396 quam
878 1299 1103 1396 transfugam
1128 1295 1215 1368 fieri.
1269 1293 1317 1369 Se
1337 1297 1477 1393 perire*

203 1431 298 1504 sero,
325 1406 357 1478 si
384 1408 525 1481 salvum
550 1431 630 1482 esse
654 1409 783 1502 milites
809 1411 865 1482 sui
890 1411 1037 1483 nollent.
1085 1404 1234 1496 Patron,
1261 1403 1457 1504 desperata

206 1503 301 1616 regis
328 1519 457 1610 salute,
482 1518 530 1592 ad
555 1545 627 1610 eos,
654 1519 782 1616 quibus
808 1532 983 1617 praeerat,
1009 1518 1125 1611 rediit,
1139 1517 1261 1591 omnia
1285 1542 1354 1615 pro
1379 1516 1453 1590 fide

150 1669 158 1679 -
209 1629 365 1727 experiri
391 1640 549 1726 paratus.
927 1655 930 1660 ·
1100 1655 1105 1661 ·

157 1739 216 1816 322
311 1739 365 1812 At
389 1737 523 1812 Bessus
555 1739 738 1813 occidendi
770 1741 932 1839 protinus
964 1739 1058 1836 regis
1089 1741 1265 1836 impeturn
1291 1745 1510 1836 ceperam

209 1845 284 1922 Sed
308 1849 463 1939 veritus,
498 1875 546 1922 ne
571 1851 723 1948 gratiam
748 1849 958 1939 Alexandri,
986 1850 1054 1921 nisi
1080 1849 1207 1922 vivum
1227 1871 1318 1922 ,eum
1344 1845 1455 1920 tradi·

208 1956 331 2048 disset,
349 1958 438 2052 inire
462 1985 538 2032 non
562 1965 695 2058 posset,
715 1959 828 2034 dilato
848 1961 884 2032 in
910 1961 1113 2058 proximam
1138 1965 1285 2032 noctem
1311 1957 1455 2032 sceleris
1482 2035 1485 2042 ,

92 2097 97 2106 ·
210 2069 369 2160 oonsilio,
394 2095 501 2168 agere
527 2071 661 2170 gratias
686 2071 818 2169 incipit,
838 2070 936 2168 quod
961 2069 1089 2169 perfidi
1115 2069 1269 2142 hominis
1295 2067 1455 2160 insidias,

208 2179 281 2250 iarn
299 2178 499 2254 Alexandri
525 2207 612 2280 opes
638 2182 842 2280 spectantis,
867 2180 1064 2279 prudenter
1090 2189 1266 2278 cauteque
1292 2181 1478 2253 vitasset.¹

210 2287 357 2364 Donum
382 2315 465 2364 eum
490 2292 586 2366 hosti
612 2293 768 2366 laturum
793 2293 902 2366 fuisse
928 2293 1022 2390 regis
1048 2301 1167 2390 caput.
1220 2288 1297 2364 Nec
1322 2290 1489 2378 miraris

208 2401 391 2475 hominem
425 2402 590 2478 mercede
625 2402 840 2477 conductum
872 2404 992 2476 omnia
1022 2402 1157 2476 habere
1184 2403 1342 2476 venalia:
1377 2401 1455 2474 sine

209 2513 370 2610 pignore,
385 2515 462 2587 sine
488 2515 572 2604 lare,
585 2525 761 2588 terrarum
787 2513 884 2586 orbis
911 2513 1063 2602 exulem,
1081 2515 1276 2612 ancipitem
1301 2513 1455 2602 hostem,

211 2623 259 2697 ad
285 2634 415 2698 nutum
442 2624 623 2700 licentium
649 2624 874 2698 circumferri.
914 2623 1089 2721 Purganti
1116 2623 1247 2697 deinde
1274 2641 1323 2712 se,
1352 2619 1487 2694 deos-e

210 2863 254 2910 tar
278 2871 336 2909 rem
360 2871 417 2910 cese
443 2865 644 2912 consentaneam
670 2857 811 2927 significat:
847 2857 960 2923 dubito).
992 2856 1050 2924 ,Sed
1071 2859 1180 2926 prorsus
1198 2873 1251 2908 non
1268 2853 1391 2924 intelligo
1408 2871 1457 2908 cur

209 2923 337 2991 eludant,
355 2941 404 2990 en,
422 2925 498 2978 facile
514 2933 573 2991 eet,
591 2926 662 3006 quod
679 2925 755 2979 facile
772 2934 813 2979 est
847 2923 942 2978 Latine
960 2942 1012 2977 non
1030 2924 1134 2978 dicatur·
1147 2923 1268 2976 amado
1277 2941 1327 2994 pno
1341 2939 1373 2976 eo
1383 2922 1457 2992 quod

210 2991 365 3072 intellectu,
383 2991 438 3047 sive
455 2992 565 3046 eludant
581 2992 717 3060 mmirmn,
741 2993 813 3063 quod
846 3001 917 3046 esset
945 3009 981 3045 ex
1009 3001 1113 3046 remoto
1145 3001 1266 3062 tempore
1292 2990 1457 3047 constituere
1480 3063 1482 3066 Ι

210 3061 321 3114 verbum
343 3059 464 3122 uiriliter
492 3067 521 3113 et
544 3061 696 3114 adverbium
722 3068 764 3114 eet
785 3068 813 3114 et
847 3060 910 3131 quid
928 3061 1046 3114 suturam
1063 3059 1107 3113 sit.
1142 3059 1220 3115 Unus
1242 3059 1315 3114 Flor.
1338 3057 1365 3113 G
1381 3069 1406 3113 et
1424 3075 1456 3112 ea
1552 3063 1556 3070 '

181 3145 182 3148 ’
211 3127 369 3184 coniumtio.
387 3127 458 3181 Tum
472 3130 542 3194 sorte
556 3140 813 3182 toneremss.ornnes
847 3131 926 3182 innuo
944 3139 1011 3181 ante.

211 3204 241 3250 et
257 3196 322 3249 edit.
340 3196 428 3263 Mod,
456 3197 527 3266 quod
546 3215 631 3277 genus
647 3196 751 3250 dicendi
769 3197 813 3250 Li·
882 3201 906 3265 5.
926 3203 965 3250 11.
1001 3213 1029 3249 se
1043 3197 1133 3266 perire
1151 3213 1219 3262 sero,
1237 3198 1263 3249 ei
1280 3197 1382 3249 ecloum
1400 3211 1457 3248 esee

212 3263 256 3318 vio
273 3263 401 3316 familiare
418 3263 494 3334 primi
511 3265 625 3318 editores
642 3272 815 3335 corruperunt
848 3266 942 3317 milites
961 3267 1004 3316 sni
1021 3265 1132 3385 nollentg
1158 3262 1249 3316 Verba
1272 3262 1457 3342 collocavimus

203 3335 279 3402 sorte
301 3349 334 3386 oc
357 3343 449 3385 temen
470 3332 628 3399 scribentes,
656 3333 815 3404 nimiunque
848 3333 1067 3402 quemadmodum
1095 3330 1156 3384 liri
1188 3339 1236 3384 aut
1262 3331 1383 3385 meliores
1410 3338 1458 3384 eut

212 3399 304 3452 fideles
326 3400 368 3452 vel
393 3399 536 3454 incuriosos
561 3401 649 3470 potius
670 3400 815 3454 imitator-ee
849 3416 938 3453 omnes
956 3400 1095 3453 iusserunt.
1131 3398 1222 3470 Vulgo
1244 3417 1303 3453 sero
1325 3417 1354 3453 re
1366 3401 1458 3470 per-ire

213 3466 379 3521 invenerunt.
415 3468 484 3522 Vide
501 3467 618 3523 Gronov.
636 3478 665 3520 et
680 3469 763 3522 Drnlr.
781 3469 815 3522 ad
849 3477 878 3521 et
895 3470 939 3521 rui
954 3470 1059 3521 milites.
1095 3467 1163 3521 Post
1184 3467 1265 3520 etiam
1283 3469 1355 3537 repis
1372 3467 1459 3520 salute

213 3534 271 3588 Lir.
288 3551 323 3602 x,
345 3542 455 3602 ra,12.
486 3536 581 3590 *Etiam
599 3536 691 3590 Cicero
713 3537 746 3590 de
763 3537 815 3590 div.
850 3553 940 3590 omnes
957 3537 1033 3589 codd.
1051 3553 1120 3602 mss,
1138 3535 1204 3588 editi
1222 3538 1307 3589 solute
1325 3536 1427 3605 regia..

214 3617 248 3670 rr,
267 3609 300 3657 68
318 3605 373 3657 nisi
389 3605 441 3657 ieta
459 3622 525 3657 coru
542 3621 654 3658 sonarem
672 3606 816 3674 consorte
861 3603 1004 3675 .Cap.82,
1040 3612 1081 3656 .l.
1100 3604 1349 3673 impetumceperur]
1367 3601 1459 3672 Vulgo

213 3680 306 3724 temen
323 3682 519 3738 coemerent·
535 3671 604 3726 idem
621 3622 678 3726 eod.
695 3671 816 3726 libroct
853 3682 1017 3741 conceperat,
1039 3671 1085 3725 sed
1110 3673 1231 3742 impetum
1249 3688 1342 3751 copim
1359 3669 1461 3724 usitata
1480 3719 1482 3722 .

233 3741 281 3792 uid
304 3749 343 3792 eet
369 3743 473 3793 tandem
501 3743 571 3809 quod
601 3759 665 3795 coru
679 3742 747 3807 fieri
771 3751 818 3794 out
853 3749 939 3794 estet
957 3739 1032 3794 Livio
1051 3739 1183 3792 familiaris
1198 3738 1306 3806 locutio,
1324 3741 1399 3794 conci
1417 3753 1461 3792 ere

204 3755 282 3875 lora
296 3809 405 3869 fortuna
419 3818 553 3877 patuinus,
572 3809 622 3862 atei
635 3808 688 3862 illic
702 3808 818 3863 inoodd.
852 3827 905 3862 uon
924 3809 997 3861 item.
1034 3808 1145 3878 Ceperat
1167 3807 1232 3861 edit.
1249 3807 1323 3861 Mod.
1341 3815 1370 3860 et
1411 3807 1461 3860 lor.

215 3873 349 3927 nonnullis
359 3877 433 3944 sorte
441 3877 613 3944 sortunooel
647 3876 708 3930 tur.
734 3875 833 3930 Deni-·
852 3876 901 3929 AB
920 3876 994 3929 leid.
1012 3874 1089 3929 Voss.
1109 3883 1142 3942 1,
1170 3886 1291 3946 coeperat
1317 3875 1398 3929 Bern.
1426 3875 1460 3927 A.

216 3957 269 4012 que
290 3943 362 4012 quod
383 3942 411 3996 in
434 3943 539 4013 optimis
561 3952 590 3998 ct
606 3944 724 4015 purimis
742 3946 817 4000 codd.
852 3944 936 3998 Paulo
964 3953 1024 4016 post
1053 3947 1109 3997 nisi
1155 3959 1186 3997 ro
1213 3945 1284 4014 vulg.
1313 3947 1345 4020 ni
1369 3959 1461 3996 omncs

215 4016 417 4064 estcuorumm
439 4028 474 4065 ea
490 4013 586 4065 multo
608 4024 681 4066 onte
702 4015 817 4066 destino·
851 4013 922 4067 Flor.
941 4013 1108 4066 etBern.B
1168 4012 1203 4064 id.
1221 4013 1299 4066 Voss.
1319 4019 1342 4064 1.
1375 4011 1462 4065 Miror

216 4087 304 4130 tantm
320 4077 432 4132 raritate
449 4077 595 4145 locutionis,
612 4080 714 4150 opinor,
732 4082 819 4136 detor·
853 4084 887 4136 ab
911 4083 960 4136 boc
986 4089 1115 4135 concentu
1143 4089 1174 4132 ut
1225 4096 1258 4132 ue
1284 4080 1342 4134 loeo
1368 4079 1462 4133 abesse

217 4144 263 4199 riti
280 4146 395 4200 editores
417 4165 471 4201 non
493 4146 613 4200 tulerunt
635 4149 820 4220 dederuntque
853 4150 933 4203 Bern.
951 4152 985 4216 A,
1004 4151 1031 4202 ni
1049 4148 1155 4202 collatio
1174 4148 1200 4199 fe
1213 4148 1278 4201 ellit.

218 4222 242 4267 et
257 4231 317 4284 pro
343 4231 375 4266 eo
401 4215 472 4286 quod
493 4223 535 4268 aet
557 4233 604 4283 ex,
631 4216 701 4270 sicut
722 4215 731 4269 l
767 4218 820 4271 'tur
888 4221 911 4286 5.
929 4225 954 4272 8.
996 4219 1102 4286 urponli
1120 4218 1214 4269 deinde
1232 4218 1274 4295 se]
1300 4215 1462 4270 Coniectura

218 4297 282 4360 spus
296 4281 324 4335 in
339 4281 475 4350 Froecr,
493 4283 603 4338 lormsse
619 4284 738 4337 etiarnin
777 4305 819 4340 οι-
853 4285 939 4339 locrun
971 4235 1037 4339 ione
1068 4284 1185 4338 correxit
1215 4284 1319 4350 Iumus3
1356 4285 1461 4338 codices

217 4366 311 4417 smum,
343 4349 364 4403 si
399 4351 463 4404 fides
499 4351 588 4405 edenti
618 4351 818 4424 snakenburgio
853 4355 922 4406 enim
949 4363 976 4408 et
1002 4354 1061 4407 edd.
1084 4352 1244 4406 vetustiores
1265 4355 1391 4423 utyuenti
1413 4369 1462 4407 err·

218 4420 389 4490 (quamquem
406 4420 440 4473 de
458 4419 545 4491 priore
559 4420 633 4476 Voea
651 4422 819 4476 vehementer
853 4422 953 4476 bibam.
