<?xml version="1.0" encoding="UTF-8"?>
<!DOCTYPE html PUBLIC "-//W3C//DTD XHTML 1.0 Transitional//EN"
    "http://www.w3.org/TR/xhtml1/DTD/xhtml1-transitional.dtd">
<html xmlns="http://www.w3.org/1999/xhtml" xml:lang="en" lang="en">
 <head>
  <title>
</title>
<meta http-equiv="Content-Type" content="text/html;charset=utf-8" />
  <meta name='ocr-system' content='tesseract 3.04.00' />
  <meta name='ocr-capabilities' content='ocr_page ocr_carea ocr_par ocr_line ocrx_word'/>
</head>
<body>
  <div class='ocr_page' id='page_1' title='image "./qcurtiirufidege03rufugoog_0079.png"; bbox 0 0 3260 5042; ppageno 0'>
   <div class='ocr_carea' id='block_1_1' title="bbox 220 333 980 426">
    <p class='ocr_par' dir='ltr' id='par_1_1' title="bbox 220 333 980 426">
     <span class='ocr_line' id='line_1_1' title="bbox 220 333 980 426; baseline -0.017 -21"><span class='ocrx_word' id='word_1_1' title='bbox 220 333 268 405; x_wconf 79' lang='lat'>52</span> <span class='ocrx_word' id='word_1_2' title='bbox 683 344 718 407; x_wconf 82' lang='lat' dir='ltr'>Q·</span> <span class='ocrx_word' id='word_1_3' title='bbox 746 343 870 396; x_wconf 82' lang='lat' dir='ltr'>cuaru</span> <span class='ocrx_word' id='word_1_4' title='bbox 894 341 980 426; x_wconf 82' lang='lat' dir='ltr'>non</span> 
     </span>
    </p>
   </div>
   <div class='ocr_carea' id='block_1_2' title="bbox 217 525 1507 740">
    <p class='ocr_par' dir='ltr' id='par_1_2' title="bbox 217 525 1507 740">
     <span class='ocr_line' id='line_1_2' title="bbox 217 525 1507 630; baseline -0.009 -23"><span class='ocrx_word' id='word_1_5' title='bbox 217 557 309 630; x_wconf 87' lang='lat' dir='ltr'>quos</span> <span class='ocrx_word' id='word_1_6' title='bbox 343 529 462 619; x_wconf 88' lang='lat' dir='ltr'>vellet,</span> <span class='ocrx_word' id='word_1_7' title='bbox 495 529 611 626; x_wconf 91' lang='lat' dir='ltr'>patrio</span> <span class='ocrx_word' id='word_1_8' title='bbox 645 553 744 602; x_wconf 89' lang='lat' dir='ltr'>more</span> <span class='ocrx_word' id='word_1_9' title='bbox 778 529 953 626; x_wconf 84' lang='lat' dir='ltr'>sepeliret</span> <span class='ocrx_word' id='word_1_10' title='bbox 1006 525 1071 596; x_wconf 87' lang='lat' dir='ltr'>Illa</span> <span class='ocrx_word' id='word_1_11' title='bbox 1105 549 1240 620; x_wconf 86' lang='lat' dir='ltr'>paucos</span> <span class='ocrx_word' id='word_1_12' title='bbox 1267 535 1348 598; x_wconf 86' lang='lat' dir='ltr'>arta</span> <span class='ocrx_word' id='word_1_13' title='bbox 1373 547 1507 622; x_wconf 73' lang='lat' dir='ltr'>pro-14</span> 
     </span>
     <span class='ocr_line' id='line_1_3' title="bbox 219 633 1462 740; baseline -0.006 -26"><span class='ocrx_word' id='word_1_14' title='bbox 219 641 417 740; x_wconf 82' lang='lat' dir='ltr'>pinquitate</span> <span class='ocrx_word' id='word_1_15' title='bbox 442 639 650 714; x_wconf 88' lang='lat' dir='ltr'>coniunctos</span> <span class='ocrx_word' id='word_1_16' title='bbox 676 665 742 738; x_wconf 87' lang='lat' dir='ltr'>pro</span> <span class='ocrx_word' id='word_1_17' title='bbox 768 638 896 732; x_wconf 85' lang='lat' dir='ltr'>babitu</span> <span class='ocrx_word' id='word_1_18' title='bbox 919 633 1118 730; x_wconf 85' lang='lat' dir='ltr'>praesentis</span> <span class='ocrx_word' id='word_1_19' title='bbox 1139 635 1306 705; x_wconf 74' lang='lat' dir='ltr'><strong>fortunae</strong></span> <span class='ocrx_word' id='word_1_20' title='bbox 1321 635 1462 707; x_wconf 83' lang='lat' dir='ltr'>humari</span> 
     </span>
    </p>
   </div>
   <div class='ocr_carea' id='block_1_3' title="bbox 219 742 1462 954">
    <p class='ocr_par' dir='ltr' id='par_1_3' title="bbox 219 742 1462 954">
     <span class='ocr_line' id='line_1_4' title="bbox 219 742 1461 852; baseline -0.006 -29"><span class='ocrx_word' id='word_1_21' title='bbox 219 751 334 841; x_wconf 86' lang='lat' dir='ltr'>iussit,</span> <span class='ocrx_word' id='word_1_22' title='bbox 360 763 573 852; x_wconf 86' lang='lat' dir='ltr'>apparatum</span> <span class='ocrx_word' id='word_1_23' title='bbox 597 752 772 836; x_wconf 86' lang='lat' dir='ltr'>funerum,</span> <span class='ocrx_word' id='word_1_24' title='bbox 804 771 875 842; x_wconf 93' lang='lat' dir='ltr'>quo</span> <span class='ocrx_word' id='word_1_25' title='bbox 902 742 1034 815; x_wconf 82' lang='lat' dir='ltr'><strong>Persae</strong></span> <span class='ocrx_word' id='word_1_26' title='bbox 1062 765 1231 838; x_wconf 89' lang='lat' dir='ltr'>suprema</span> <span class='ocrx_word' id='word_1_27' title='bbox 1264 742 1381 814; x_wconf 89' lang='lat' dir='ltr'>officia</span> <span class='ocrx_word' id='word_1_28' title='bbox 1407 769 1461 816; x_wconf 89' lang='lat' dir='ltr'>ce-</span> 
     </span>
     <span class='ocr_line' id='line_1_5' title="bbox 219 852 1462 954; baseline -0.006 -20"><span class='ocrx_word' id='word_1_29' title='bbox 219 863 410 954; x_wconf 88' lang='lat' dir='ltr'>lebrarent,</span> <span class='ocrx_word' id='word_1_30' title='bbox 441 862 656 936; x_wconf 89' lang='lat' dir='ltr'>invidiosum</span> <span class='ocrx_word' id='word_1_31' title='bbox 686 857 763 929; x_wconf 87' lang='lat' dir='ltr'>fore</span> <span class='ocrx_word' id='word_1_32' title='bbox 794 854 1014 942; x_wconf 85' lang='lat' dir='ltr'>existimans,</span> <span class='ocrx_word' id='word_1_33' title='bbox 1051 877 1134 925; x_wconf 88' lang='lat' dir='ltr'>eum</span> <span class='ocrx_word' id='word_1_34' title='bbox 1174 854 1329 926; x_wconf 88' lang='lat' dir='ltr'>victores</span> <span class='ocrx_word' id='word_1_35' title='bbox 1363 852 1462 926; x_wconf 87' lang='lat' dir='ltr'>baud</span> 
     </span>
    </p>
   </div>
   <div class='ocr_carea' id='block_1_4' title="bbox 219 976 1517 1176">
    <p class='ocr_par' dir='ltr' id='par_1_4' title="bbox 219 976 1517 1176">
     <span class='ocr_line' id='line_1_6' title="bbox 219 976 655 1074; baseline -0.032 -24"><span class='ocrx_word' id='word_1_36' title='bbox 219 976 376 1074; x_wconf 84' lang='lat' dir='ltr'>pretiose</span> <span class='ocrx_word' id='word_1_37' title='bbox 403 978 655 1045; x_wconf 80' lang='lat' dir='ltr'>cremarentur.</span> 
     </span>
     <span class='ocr_line' id='line_1_7' title="bbox 324 1076 1517 1176; baseline -0.016 -20"><span class='ocrx_word' id='word_1_38' title='bbox 324 1085 470 1176; x_wconf 89' lang='lat' dir='ltr'>Iamque</span> <span class='ocrx_word' id='word_1_39' title='bbox 496 1078 597 1151; x_wconf 87' lang='lat' dir='ltr'>iustis</span> <span class='ocrx_word' id='word_1_40' title='bbox 624 1076 873 1154; x_wconf 87' lang='lat' dir='ltr'>defirnetorum</span> <span class='ocrx_word' id='word_1_41' title='bbox 899 1076 1109 1173; x_wconf 85' lang='lat' dir='ltr'>corporibus</span> <span class='ocrx_word' id='word_1_42' title='bbox 1132 1076 1270 1166; x_wconf 86' lang='lat' dir='ltr'>solutis,</span> <span class='ocrx_word' id='word_1_43' title='bbox 1296 1076 1517 1175; x_wconf 74' lang='lat' dir='ltr'>praemitis</span> 
     </span>
    </p>
   </div>
   <div class='ocr_carea' id='block_1_5' title="bbox 82 1186 1523 2945">
    <p class='ocr_par' dir='ltr' id='par_1_5' title="bbox 82 1186 1523 2945">
     <span class='ocr_line' id='line_1_8' title="bbox 219 1186 1463 1289; baseline -0.007 -21"><span class='ocrx_word' id='word_1_44' title='bbox 219 1197 266 1268; x_wconf 88' lang='lat' dir='ltr'>tit</span> <span class='ocrx_word' id='word_1_45' title='bbox 279 1193 337 1289; x_wconf 76' lang='lat' dir='ltr'>¹ad</span> <span class='ocrx_word' id='word_1_46' title='bbox 364 1191 536 1288; x_wconf 85' lang='lat' dir='ltr'>captivas,</span> <span class='ocrx_word' id='word_1_47' title='bbox 571 1190 631 1286; x_wconf 90' lang='lat' dir='ltr'>qui</span> <span class='ocrx_word' id='word_1_48' title='bbox 662 1189 877 1276; x_wconf 81' lang='lat' dir='ltr'>nuntiarent,</span> <span class='ocrx_word' id='word_1_49' title='bbox 911 1187 1031 1285; x_wconf 89' lang='lat' dir='ltr'>ipsum</span> <span class='ocrx_word' id='word_1_50' title='bbox 1064 1186 1205 1258; x_wconf 88' lang='lat' dir='ltr'>venire:</span> <span class='ocrx_word' id='word_1_51' title='bbox 1243 1187 1463 1288; x_wconf 70' lang='lat' dir='ltr'>inhibitaque</span> 
     </span>
     <span class='ocr_line' id='line_1_9' title="bbox 220 1294 1464 1392; baseline -0.007 -16"><span class='ocrx_word' id='word_1_52' title='bbox 220 1303 468 1376; x_wconf 87' lang='lat' dir='ltr'>comitantium</span> <span class='ocrx_word' id='word_1_53' title='bbox 493 1301 610 1391; x_wconf 90' lang='lat' dir='ltr'>turba,</span> <span class='ocrx_word' id='word_1_54' title='bbox 645 1298 914 1374; x_wconf 86' lang='lat' dir='ltr'>tabernaculum</span> <span class='ocrx_word' id='word_1_55' title='bbox 940 1321 1022 1368; x_wconf 87' lang='lat' dir='ltr'>cum</span> <span class='ocrx_word' id='word_1_56' title='bbox 1047 1294 1317 1392; x_wconf 81' lang='lat' dir='ltr'>Hephaestione</span> <span class='ocrx_word' id='word_1_57' title='bbox 1342 1297 1464 1368; x_wconf 89' lang='lat' dir='ltr'>intrat</span> 
     </span>
     <span class='ocr_line' id='line_1_10' title="bbox 220 1407 1519 1513; baseline -0.009 -25"><span class='ocrx_word' id='word_1_58' title='bbox 220 1413 256 1488; x_wconf 86' lang='lat' dir='ltr'>Is</span> <span class='ocrx_word' id='word_1_59' title='bbox 283 1415 390 1513; x_wconf 86' lang='lat' dir='ltr'>longe</span> <span class='ocrx_word' id='word_1_60' title='bbox 416 1413 575 1488; x_wconf 90' lang='lat' dir='ltr'>omnium</span> <span class='ocrx_word' id='word_1_61' title='bbox 602 1411 797 1482; x_wconf 83' lang='lat' dir='ltr'>amicomm</span> <span class='ocrx_word' id='word_1_62' title='bbox 821 1407 1024 1480; x_wconf 85' lang='lat' dir='ltr'>carissimus</span> <span class='ocrx_word' id='word_1_63' title='bbox 1050 1417 1130 1482; x_wconf 87' lang='lat' dir='ltr'>erat</span> <span class='ocrx_word' id='word_1_64' title='bbox 1154 1407 1242 1504; x_wconf 84' lang='lat' dir='ltr'>regi,</span> <span class='ocrx_word' id='word_1_65' title='bbox 1276 1431 1359 1479; x_wconf 87' lang='lat' dir='ltr'>eum</span> <span class='ocrx_word' id='word_1_66' title='bbox 1385 1408 1464 1504; x_wconf 87' lang='lat' dir='ltr'>ipso</span> <span class='ocrx_word' id='word_1_67' title='bbox 1485 1427 1519 1476; x_wconf 84' lang='lat' dir='ltr'>ra</span> 
     </span>
     <span class='ocr_line' id='line_1_11' title="bbox 220 1518 1466 1626; baseline -0.009 -25"><span class='ocrx_word' id='word_1_68' title='bbox 220 1527 355 1626; x_wconf 88' lang='lat' dir='ltr'>pariter</span> <span class='ocrx_word' id='word_1_69' title='bbox 382 1524 542 1614; x_wconf 87' lang='lat' dir='ltr'>eductus,</span> <span class='ocrx_word' id='word_1_70' title='bbox 569 1530 788 1594; x_wconf 86' lang='lat' dir='ltr'>secretorum</span> <span class='ocrx_word' id='word_1_71' title='bbox 813 1520 972 1593; x_wconf 89' lang='lat' dir='ltr'>omnium</span> <span class='ocrx_word' id='word_1_72' title='bbox 998 1518 1149 1592; x_wconf 86' lang='lat' dir='ltr'>arbiter:</span> <span class='ocrx_word' id='word_1_73' title='bbox 1175 1519 1353 1593; x_wconf 76' lang='lat' dir='ltr'>libertatis</span> <span class='ocrx_word' id='word_1_74' title='bbox 1379 1541 1466 1613; x_wconf 93' lang='lat' dir='ltr'>quo-</span> 
     </span>
     <span class='ocr_line' id='line_1_12' title="bbox 220 1629 1466 1734; baseline -0.007 -24"><span class='ocrx_word' id='word_1_75' title='bbox 220 1663 290 1734; x_wconf 90' lang='lat' dir='ltr'>que</span> <span class='ocrx_word' id='word_1_76' title='bbox 316 1637 354 1709; x_wconf 93' lang='lat' dir='ltr'>in</span> <span class='ocrx_word' id='word_1_77' title='bbox 380 1631 607 1708; x_wconf 89' lang='lat' dir='ltr'>admonendo</span> <span class='ocrx_word' id='word_1_78' title='bbox 632 1656 676 1704; x_wconf 91' lang='lat' dir='ltr'>eo</span> <span class='ocrx_word' id='word_1_79' title='bbox 702 1655 775 1703; x_wconf 93' lang='lat' dir='ltr'>non</span> <span class='ocrx_word' id='word_1_80' title='bbox 807 1630 898 1702; x_wconf 89' lang='lat' dir='ltr'>alius</span> <span class='ocrx_word' id='word_1_81' title='bbox 928 1631 984 1702; x_wconf 87' lang='lat' dir='ltr'>ius</span> <span class='ocrx_word' id='word_1_82' title='bbox 1010 1630 1178 1718; x_wconf 86' lang='lat' dir='ltr'>habebat,</span> <span class='ocrx_word' id='word_1_83' title='bbox 1213 1629 1311 1725; x_wconf 93' lang='lat' dir='ltr'>quod</span> <span class='ocrx_word' id='word_1_84' title='bbox 1343 1639 1466 1702; x_wconf 83' lang='lat' dir='ltr'>tamen</span> 
     </span>
     <span class='ocr_line' id='line_1_13' title="bbox 220 1733 1465 1842; baseline -0.005 -24"><span class='ocrx_word' id='word_1_85' title='bbox 220 1749 272 1820; x_wconf 88' lang='lat' dir='ltr'>ita</span> <span class='ocrx_word' id='word_1_86' title='bbox 297 1733 504 1842; x_wconf 74' lang='lat' dir='ltr'>usmpabat,</span> <span class='ocrx_word' id='word_1_87' title='bbox 543 1753 586 1813; x_wconf 94' lang='lat' dir='ltr'>ut</span> <span class='ocrx_word' id='word_1_88' title='bbox 610 1739 723 1836; x_wconf 86' lang='lat' dir='ltr'>magis</span> <span class='ocrx_word' id='word_1_89' title='bbox 749 1763 772 1810; x_wconf 87' lang='lat' dir='ltr'>a</span> <span class='ocrx_word' id='word_1_90' title='bbox 797 1762 881 1836; x_wconf 80' lang='lat' dir='ltr'>rege</span> <span class='ocrx_word' id='word_1_91' title='bbox 907 1741 1128 1836; x_wconf 87' lang='lat' dir='ltr'>permissum,</span> <span class='ocrx_word' id='word_1_92' title='bbox 1165 1764 1274 1836; x_wconf 89' lang='lat' dir='ltr'>quam</span> <span class='ocrx_word' id='word_1_93' title='bbox 1311 1739 1465 1812; x_wconf 85' lang='lat' dir='ltr'>vindica·</span> 
     </span>
     <span class='ocr_line' id='line_1_14' title="bbox 221 1845 1465 1948; baseline -0.004 -21"><span class='ocrx_word' id='word_1_94' title='bbox 221 1845 300 1928; x_wconf 76' lang='lat' dir='ltr'>tur&#39;n</span> <span class='ocrx_word' id='word_1_95' title='bbox 325 1855 372 1927; x_wconf 87' lang='lat' dir='ltr'>ab</span> <span class='ocrx_word' id='word_1_96' title='bbox 400 1879 442 1926; x_wconf 94' lang='lat' dir='ltr'>eo</span> <span class='ocrx_word' id='word_1_97' title='bbox 469 1850 667 1940; x_wconf 87' lang='lat' dir='ltr'>videretur;</span> <span class='ocrx_word' id='word_1_98' title='bbox 695 1859 733 1924; x_wconf 89' lang='lat' dir='ltr'>et</span> <span class='ocrx_word' id='word_1_99' title='bbox 758 1850 850 1922; x_wconf 87' lang='lat' dir='ltr'>sieut</span> <span class='ocrx_word' id='word_1_100' title='bbox 875 1858 994 1922; x_wconf 81' lang='lat' dir='ltr'>aetate</span> <span class='ocrx_word' id='word_1_101' title='bbox 1019 1874 1086 1946; x_wconf 90' lang='lat' dir='ltr'>par</span> <span class='ocrx_word' id='word_1_102' title='bbox 1106 1847 1186 1923; x_wconf 81' lang='lat' dir='ltr'>erat</span> <span class='ocrx_word' id='word_1_103' title='bbox 1203 1851 1290 1948; x_wconf 84' lang='lat' dir='ltr'>regi,</span> <span class='ocrx_word' id='word_1_104' title='bbox 1315 1851 1368 1922; x_wconf 86' lang='lat' dir='ltr'>ita</span> <span class='ocrx_word' id='word_1_105' title='bbox 1388 1875 1465 1922; x_wconf 91' lang='lat' dir='ltr'>cor·</span> 
     </span>
     <span class='ocr_line' id='line_1_15' title="bbox 220 1957 1520 2064; baseline -0.005 -27"><span class='ocrx_word' id='word_1_106' title='bbox 220 1965 318 2064; x_wconf 87' lang='lat' dir='ltr'>poris</span> <span class='ocrx_word' id='word_1_107' title='bbox 353 1963 479 2038; x_wconf 89' lang='lat' dir='ltr'>habitu</span> <span class='ocrx_word' id='word_1_108' title='bbox 510 1962 725 2060; x_wconf 86' lang='lat' dir='ltr'>praestabat</span> <span class='ocrx_word' id='word_1_109' title='bbox 778 1957 875 2057; x_wconf 86' lang='lat' dir='ltr'>Ergo</span> <span class='ocrx_word' id='word_1_110' title='bbox 907 1960 1053 2057; x_wconf 86' lang='lat' dir='ltr'>reginae</span> <span class='ocrx_word' id='word_1_111' title='bbox 1086 1961 1188 2033; x_wconf 92' lang='lat' dir='ltr'>illum</span> <span class='ocrx_word' id='word_1_112' title='bbox 1228 1985 1307 2034; x_wconf 87' lang='lat' dir='ltr'>esse</span> <span class='ocrx_word' id='word_1_113' title='bbox 1342 1983 1465 2057; x_wconf 86' lang='lat' dir='ltr'>regem</span> <span class='ocrx_word' id='word_1_114' title='bbox 1487 1975 1520 2022; x_wconf 72' lang='lat'>11</span> 
     </span>
     <span class='ocr_line' id='line_1_16' title="bbox 220 2068 1465 2170; baseline -0.004 -22"><span class='ocrx_word' id='word_1_115' title='bbox 220 2084 331 2164; x_wconf 82' lang='lat' dir='ltr'>ratae,</span> <span class='ocrx_word' id='word_1_116' title='bbox 359 2099 424 2146; x_wconf 86' lang='lat' dir='ltr'>suo</span> <span class='ocrx_word' id='word_1_117' title='bbox 450 2098 550 2147; x_wconf 88' lang='lat' dir='ltr'>more</span> <span class='ocrx_word' id='word_1_118' title='bbox 576 2081 768 2146; x_wconf 87' lang='lat' dir='ltr'>veneratae</span> <span class='ocrx_word' id='word_1_119' title='bbox 799 2080 893 2144; x_wconf 87' lang='lat' dir='ltr'>sunt</span> <span class='ocrx_word' id='word_1_120' title='bbox 945 2068 1034 2143; x_wconf 89' lang='lat' dir='ltr'>Inde</span> <span class='ocrx_word' id='word_1_121' title='bbox 1069 2095 1117 2144; x_wconf 87' lang='lat' dir='ltr'>ex</span> <span class='ocrx_word' id='word_1_122' title='bbox 1152 2071 1304 2170; x_wconf 76' lang='lat' dir='ltr'>captivis</span> <span class='ocrx_word' id='word_1_123' title='bbox 1336 2069 1465 2170; x_wconf 87' lang='lat' dir='ltr'>spado·</span> 
     </span>
     <span class='ocr_line' id='line_1_17' title="bbox 219 2178 1466 2280; baseline -0.002 -24"><span class='ocrx_word' id='word_1_124' title='bbox 219 2185 327 2256; x_wconf 87' lang='lat' dir='ltr'>nibus</span> <span class='ocrx_word' id='word_1_125' title='bbox 353 2184 433 2280; x_wconf 88' lang='lat' dir='ltr'>quis</span> <span class='ocrx_word' id='word_1_126' title='bbox 459 2180 668 2255; x_wconf 73' lang='lat' dir='ltr'>Alexander</span> <span class='ocrx_word' id='word_1_127' title='bbox 692 2190 789 2256; x_wconf 86' lang='lat' dir='ltr'>esset</span> <span class='ocrx_word' id='word_1_128' title='bbox 813 2181 1107 2272; x_wconf 79' lang='lat' dir='ltr'>monstrantibus,</span> <span class='ocrx_word' id='word_1_129' title='bbox 1148 2178 1371 2280; x_wconf 86' lang='lat' dir='ltr'>Sisygambis</span> <span class='ocrx_word' id='word_1_130' title='bbox 1404 2179 1466 2254; x_wconf 83' lang='lat' dir='ltr'>ad·</span> 
     </span>
     <span class='ocr_line' id='line_1_18' title="bbox 220 2291 1467 2391; baseline -0.002 -25"><span class='ocrx_word' id='word_1_131' title='bbox 220 2296 346 2368; x_wconf 84' lang='lat' dir='ltr'>voluta</span> <span class='ocrx_word' id='word_1_132' title='bbox 372 2303 428 2366; x_wconf 90' lang='lat' dir='ltr'>est</span> <span class='ocrx_word' id='word_1_133' title='bbox 453 2292 603 2391; x_wconf 88' lang='lat' dir='ltr'>pedibus</span> <span class='ocrx_word' id='word_1_134' title='bbox 630 2293 715 2382; x_wconf 90' lang='lat' dir='ltr'>eius,</span> <span class='ocrx_word' id='word_1_135' title='bbox 753 2291 1015 2390; x_wconf 82' lang='lat' dir='ltr'>ignorationem</span> <span class='ocrx_word' id='word_1_136' title='bbox 1047 2317 1233 2390; x_wconf 88' lang='lat' dir='ltr'>nunquam</span> <span class='ocrx_word' id='word_1_137' title='bbox 1264 2303 1373 2366; x_wconf 87' lang='lat' dir='ltr'>antea</span> <span class='ocrx_word' id='word_1_138' title='bbox 1397 2291 1467 2364; x_wconf 85' lang='lat' dir='ltr'>visi</span> 
     </span>
     <span class='ocr_line' id='line_1_19' title="bbox 82 2399 1465 2502; baseline -0.003 -23"><span class='ocrx_word' id='word_1_139' title='bbox 82 2491 85 2496; x_wconf 35' lang='grc'>,</span> <span class='ocrx_word' id='word_1_140' title='bbox 218 2404 315 2502; x_wconf 81' lang='lat' dir='ltr'>regis</span> <span class='ocrx_word' id='word_1_141' title='bbox 342 2429 528 2478; x_wconf 87' lang='lat' dir='ltr'>excusans.</span> <span class='ocrx_word' id='word_1_142' title='bbox 582 2399 698 2491; x_wconf 85' lang='lat' dir='ltr'>Quam</span> <span class='ocrx_word' id='word_1_143' title='bbox 722 2428 832 2474; x_wconf 87' lang='lat' dir='ltr'>manu</span> <span class='ocrx_word' id='word_1_144' title='bbox 857 2403 1016 2480; x_wconf 86' lang='lat' dir='ltr'>allevans</span> <span class='ocrx_word' id='word_1_145' title='bbox 1050 2429 1127 2494; x_wconf 87' lang='lat' dir='ltr'>rex,</span> <span class='ocrx_word' id='word_1_146' title='bbox 1159 2429 1228 2480; x_wconf 85' lang='lat' dir='ltr'>aaa</span> <span class='ocrx_word' id='word_1_147' title='bbox 1252 2403 1383 2495; x_wconf 66' lang='lat' dir='ltr'>musti</span> <span class='ocrx_word' id='word_1_148' title='bbox 1414 2403 1465 2475; x_wconf 90' lang='lat' dir='ltr'>in·</span> 
     </span>
     <span class='ocr_line' id='line_1_20' title="bbox 152 2513 1201 2614; baseline -0.004 -25"><span class='ocrx_word' id='word_1_149' title='bbox 152 2516 156 2526; x_wconf 79' lang='grc'><em>’</em></span> <span class='ocrx_word' id='word_1_150' title='bbox 221 2515 307 2614; x_wconf 88' lang='lat' dir='ltr'>quit,</span> <span class='ocrx_word' id='word_1_151' title='bbox 334 2528 448 2608; x_wconf 79' lang='lat' dir='ltr'>mater,</span> <span class='ocrx_word' id='word_1_152' title='bbox 473 2541 555 2589; x_wconf 82' lang='lat' dir='ltr'>nam</span> <span class='ocrx_word' id='word_1_153' title='bbox 581 2527 609 2587; x_wconf 86' lang='lat' dir='ltr'>et</span> <span class='ocrx_word' id='word_1_154' title='bbox 634 2515 686 2587; x_wconf 80' lang='lat' dir='ltr'>tic</span> <span class='ocrx_word' id='word_1_155' title='bbox 711 2513 906 2588; x_wconf 74' lang='lat' dir='ltr'>Alexander</span> <span class='ocrx_word' id='word_1_156' title='bbox 931 2526 987 2586; x_wconf 80' lang='lat' dir='ltr'>est.</span> <span class='ocrx_word' id='word_1_157' title='bbox 1198 2527 1201 2534; x_wconf 81' lang='grc'>’</span> 
     </span>
     <span class='ocr_line' id='line_1_21' title="bbox 170 2623 1523 2722; baseline -0.001 -27"><span class='ocrx_word' id='word_1_158' title='bbox 170 2625 218 2696; x_wconf 79' lang='lat'>32</span> <span class='ocrx_word' id='word_1_159' title='bbox 325 2623 501 2722; x_wconf 88' lang='lat' dir='ltr'>Equidem</span> <span class='ocrx_word' id='word_1_160' title='bbox 532 2627 600 2697; x_wconf 82' lang='lat' dir='ltr'>hac</span> <span class='ocrx_word' id='word_1_161' title='bbox 631 2623 848 2698; x_wconf 81' lang='lat' dir='ltr'>continentia</span> <span class='ocrx_word' id='word_1_162' title='bbox 879 2624 988 2695; x_wconf 86' lang='lat' dir='ltr'>animi</span> <span class='ocrx_word' id='word_1_163' title='bbox 1023 2625 1053 2696; x_wconf 91' lang='lat' dir='ltr'>si</span> <span class='ocrx_word' id='word_1_164' title='bbox 1087 2624 1135 2698; x_wconf 90' lang='lat' dir='ltr'>ad</span> <span class='ocrx_word' id='word_1_165' title='bbox 1162 2627 1334 2698; x_wconf 89' lang='lat' dir='ltr'>ultimum</span> <span class='ocrx_word' id='word_1_166' title='bbox 1369 2625 1465 2696; x_wconf 91' lang='lat' dir='ltr'>vitae</span> <span class='ocrx_word' id='word_1_167' title='bbox 1487 2638 1523 2685; x_wconf 81' lang='lat'>18</span> 
     </span>
     <span class='ocr_line' id='line_1_22' title="bbox 220 2733 1465 2835; baseline -0.003 -26"><span class='ocrx_word' id='word_1_168' title='bbox 220 2761 453 2835; x_wconf 87' lang='lat' dir='ltr'>perseverare</span> <span class='ocrx_word' id='word_1_169' title='bbox 478 2737 664 2834; x_wconf 89' lang='lat' dir='ltr'>potuisset,</span> <span class='ocrx_word' id='word_1_170' title='bbox 696 2735 888 2808; x_wconf 87' lang='lat' dir='ltr'>feliciorem</span> <span class='ocrx_word' id='word_1_171' title='bbox 914 2733 1022 2806; x_wconf 84' lang='lat' dir='ltr'>fuisse</span> <span class='ocrx_word' id='word_1_172' title='bbox 1049 2734 1245 2826; x_wconf 86' lang='lat' dir='ltr'>crederem,</span> <span class='ocrx_word' id='word_1_173' title='bbox 1281 2759 1389 2831; x_wconf 88' lang='lat' dir='ltr'>quam</span> <span class='ocrx_word' id='word_1_174' title='bbox 1414 2735 1465 2806; x_wconf 93' lang='lat' dir='ltr'>vi·</span> 
     </span>
     <span class='ocr_line' id='line_1_23' title="bbox 221 2843 1464 2945; baseline -0.003 -25"><span class='ocrx_word' id='word_1_175' title='bbox 221 2870 283 2920; x_wconf 84' lang='lat' dir='ltr'>sus</span> <span class='ocrx_word' id='word_1_176' title='bbox 310 2857 479 2936; x_wconf 89' lang='lat' dir='ltr'>estesse,</span> <span class='ocrx_word' id='word_1_177' title='bbox 507 2870 588 2918; x_wconf 91' lang='lat' dir='ltr'>cum</span> <span class='ocrx_word' id='word_1_178' title='bbox 614 2845 732 2917; x_wconf 88' lang='lat' dir='ltr'>Liberi</span> <span class='ocrx_word' id='word_1_179' title='bbox 764 2845 877 2942; x_wconf 86' lang='lat' dir='ltr'>patris</span> <span class='ocrx_word' id='word_1_180' title='bbox 908 2843 1109 2915; x_wconf 86' lang='lat' dir='ltr'>imitaretur</span> <span class='ocrx_word' id='word_1_181' title='bbox 1140 2847 1372 2945; x_wconf 89' lang='lat' dir='ltr'>triumphum,</span> <span class='ocrx_word' id='word_1_182' title='bbox 1407 2869 1464 2917; x_wconf 90' lang='lat' dir='ltr'>us·</span> 
     </span>
    </p>
   </div>
   <div class='ocr_carea' id='block_1_6' title="bbox 221 3049 1469 4480">
    <p class='ocr_par' dir='ltr' id='par_1_6' title="bbox 255 3049 1466 3132">
     <span class='ocr_line' id='line_1_24' title="bbox 255 3049 1466 3132; baseline 0 -26"><span class='ocrx_word' id='word_1_183' title='bbox 255 3057 280 3122; x_wconf 82' lang='lat'>§.</span> <span class='ocrx_word' id='word_1_184' title='bbox 300 3049 340 3107; x_wconf 80' lang='lat'><strong>16&#39;.</strong></span> <span class='ocrx_word' id='word_1_185' title='bbox 354 3054 459 3122; x_wconf 62' lang='lat' dir='ltr'>pariter</span> <span class='ocrx_word' id='word_1_186' title='bbox 476 3053 595 3122; x_wconf 83' lang='lat' dir='ltr'>eductus]</span> <span class='ocrx_word' id='word_1_187' title='bbox 621 3053 711 3132; x_wconf 75' lang='lat' dir='ltr'>Vulgo</span> <span class='ocrx_word' id='word_1_188' title='bbox 728 3055 823 3106; x_wconf 80' lang='lat' dir='ltr'>educa-</span> <span class='ocrx_word' id='word_1_189' title='bbox 857 3055 1015 3123; x_wconf 82' lang='lat' dir='ltr'>excerpendi</span> <span class='ocrx_word' id='word_1_190' title='bbox 1033 3054 1075 3106; x_wconf 84' lang='lat' dir='ltr'>vel</span> <span class='ocrx_word' id='word_1_191' title='bbox 1093 3054 1239 3106; x_wconf 80' lang='lat' dir='ltr'>annotandi</span> <span class='ocrx_word' id='word_1_192' title='bbox 1261 3053 1401 3123; x_wconf 82' lang='lat' dir='ltr'>diligentis</span> <span class='ocrx_word' id='word_1_193' title='bbox 1416 3055 1466 3106; x_wconf 84' lang='lat' dir='ltr'>du-</span> 
     </span>
    </p>

    <p class='ocr_par' dir='ltr' id='par_1_7' title="bbox 221 3118 1469 4480">
     <span class='ocr_line' id='line_1_25' title="bbox 221 3118 1466 3190; baseline 0 -14"><span class='ocrx_word' id='word_1_194' title='bbox 221 3131 307 3188; x_wconf 75' lang='lat' dir='ltr'>catus,</span> <span class='ocrx_word' id='word_1_195' title='bbox 334 3121 381 3173; x_wconf 83' lang='lat' dir='ltr'>scd</span> <span class='ocrx_word' id='word_1_196' title='bbox 402 3137 462 3174; x_wconf 83' lang='lat' dir='ltr'>omn</span> <span class='ocrx_word' id='word_1_197' title='bbox 478 3118 596 3190; x_wconf 85' lang='lat' dir='ltr'>plerique</span> <span class='ocrx_word' id='word_1_198' title='bbox 620 3122 681 3174; x_wconf 80' lang='lat' dir='ltr'>boni</span> <span class='ocrx_word' id='word_1_199' title='bbox 700 3121 760 3174; x_wconf 86' lang='lat' dir='ltr'>libri</span> <span class='ocrx_word' id='word_1_200' title='bbox 777 3121 823 3173; x_wconf 84' lang='lat' dir='ltr'>bs·</span> <span class='ocrx_word' id='word_1_201' title='bbox 858 3121 980 3175; x_wconf 80' lang='lat' dir='ltr'>bitenius.</span> <span class='ocrx_word' id='word_1_202' title='bbox 1008 3122 1134 3176; x_wconf 86' lang='lat' dir='ltr'>Ceterum</span> <span class='ocrx_word' id='word_1_203' title='bbox 1152 3137 1187 3173; x_wconf 82' lang='lat' dir='ltr'>ex</span> <span class='ocrx_word' id='word_1_204' title='bbox 1204 3138 1237 3174; x_wconf 85' lang='lat' dir='ltr'>es</span> <span class='ocrx_word' id='word_1_205' title='bbox 1254 3121 1388 3175; x_wconf 85' lang='lat' dir='ltr'>locutione</span> <span class='ocrx_word' id='word_1_206' title='bbox 1404 3123 1466 3176; x_wconf 88' lang='lat' dir='ltr'>sub-</span> 
     </span>
     <span class='ocr_line' id='line_1_26' title="bbox 222 3188 1467 3259; baseline 0 -16"><span class='ocrx_word' id='word_1_207' title='bbox 222 3191 305 3243; x_wconf 80' lang='lat' dir='ltr'>basnt</span> <span class='ocrx_word' id='word_1_208' title='bbox 322 3191 438 3255; x_wconf 84' lang='lat' dir='ltr'>edoctus,</span> <span class='ocrx_word' id='word_1_209' title='bbox 455 3197 484 3240; x_wconf 91' lang='lat' dir='ltr'>et</span> <span class='ocrx_word' id='word_1_210' title='bbox 501 3191 626 3242; x_wconf 80' lang='lat' dir='ltr'>educatus</span> <span class='ocrx_word' id='word_1_211' title='bbox 644 3207 698 3243; x_wconf 91' lang='lat' dir='ltr'>non</span> <span class='ocrx_word' id='word_1_212' title='bbox 721 3188 757 3242; x_wconf 87' lang='lat' dir='ltr'>sit</span> <span class='ocrx_word' id='word_1_213' title='bbox 774 3189 823 3241; x_wconf 84' lang='lat' dir='ltr'>nisi</span> <span class='ocrx_word' id='word_1_214' title='bbox 858 3189 956 3242; x_wconf 81' lang='lat' dir='ltr'>iactum</span> <span class='ocrx_word' id='word_1_215' title='bbox 982 3189 1142 3259; x_wconf 86' lang='lat' dir='ltr'>intelligitur</span> <span class='ocrx_word' id='word_1_216' title='bbox 1164 3192 1310 3254; x_wconf 79' lang='lat' dir='ltr'>nonnullis,</span> <span class='ocrx_word' id='word_1_217' title='bbox 1338 3191 1409 3243; x_wconf 84' lang='lat' dir='ltr'>sicut</span> <span class='ocrx_word' id='word_1_218' title='bbox 1426 3199 1467 3243; x_wconf 83' lang='lat' dir='ltr'>et·</span> 
     </span>
     <span class='ocr_line' id='line_1_27' title="bbox 221 3255 1467 3324; baseline 0.001 -14"><span class='ocrx_word' id='word_1_219' title='bbox 221 3257 250 3310; x_wconf 91' lang='lat' dir='ltr'>in</span> <span class='ocrx_word' id='word_1_220' title='bbox 268 3255 443 3310; x_wconf 82' lang='lat' dir='ltr'>deterioribus</span> <span class='ocrx_word' id='word_1_221' title='bbox 461 3255 531 3308; x_wconf 79' lang='lat' dir='ltr'>rlor.</span> <span class='ocrx_word' id='word_1_222' title='bbox 551 3255 638 3310; x_wconf 74' lang='lat' dir='ltr'>chr</span> <span class='ocrx_word' id='word_1_223' title='bbox 656 3265 684 3309; x_wconf 90' lang='lat' dir='ltr'>et</span> <span class='ocrx_word' id='word_1_224' title='bbox 701 3257 824 3309; x_wconf 72' lang='lat' dir='ltr'>conecti-</span> <span class='ocrx_word' id='word_1_225' title='bbox 858 3257 911 3310; x_wconf 85' lang='lat' dir='ltr'>iam</span> <span class='ocrx_word' id='word_1_226' title='bbox 935 3258 997 3311; x_wconf 82' lang='lat' dir='ltr'>alibi</span> <span class='ocrx_word' id='word_1_227' title='bbox 1016 3258 1125 3311; x_wconf 87' lang='lat' dir='ltr'>Curtius</span> <span class='ocrx_word' id='word_1_228' title='bbox 1153 3257 1236 3310; x_wconf 84' lang='lat' dir='ltr'>dixit:</span> <span class='ocrx_word' id='word_1_229' title='bbox 1263 3272 1319 3322; x_wconf 85' lang='lat' dir='ltr'>vn,</span> <span class='ocrx_word' id='word_1_230' title='bbox 1348 3267 1372 3324; x_wconf 89' lang='lat'>1,</span> <span class='ocrx_word' id='word_1_231' title='bbox 1396 3266 1411 3311; x_wconf 86' lang='grc'>9</span> <span class='ocrx_word' id='word_1_232' title='bbox 1435 3276 1467 3310; x_wconf 77' lang='lat' dir='ltr'>ss</span> 
     </span>
     <span class='ocr_line' id='line_1_28' title="bbox 221 3323 1467 3405; baseline -0.001 -26"><span class='ocrx_word' id='word_1_233' title='bbox 221 3342 301 3380; x_wconf 87' lang='lat' dir='ltr'>onem</span> <span class='ocrx_word' id='word_1_234' title='bbox 317 3325 381 3378; x_wconf 91' lang='lat' dir='ltr'>olim</span> <span class='ocrx_word' id='word_1_235' title='bbox 398 3324 480 3394; x_wconf 87' lang='lat' dir='ltr'>passis</span> <span class='ocrx_word' id='word_1_236' title='bbox 498 3323 666 3405; x_wconf 63' lang='lat' dir='ltr'>Flenssmt,</span> <span class='ocrx_word' id='word_1_237' title='bbox 684 3341 744 3378; x_wconf 91' lang='lat' dir='ltr'>cum</span> <span class='ocrx_word' id='word_1_238' title='bbox 760 3324 824 3377; x_wconf 81' lang='lat' dir='ltr'>item</span> <span class='ocrx_word' id='word_1_239' title='bbox 859 3327 901 3378; x_wconf 80' lang='lat' dir='ltr'>lis</span> <span class='ocrx_word' id='word_1_240' title='bbox 919 3329 965 3394; x_wconf 83' lang='lat' dir='ltr'>qai</span> <span class='ocrx_word' id='word_1_241' title='bbox 982 3329 1100 3396; x_wconf 73' lang='lat' dir='ltr'>proximi</span> <span class='ocrx_word' id='word_1_242' title='bbox 1121 3328 1263 3378; x_wconf 79' lang='lat' dir='ltr'>astiterant</span> <span class='ocrx_word' id='word_1_243' title='bbox 1285 3355 1320 3364; x_wconf 94' lang='lat'><em>—</em></span> <span class='ocrx_word' id='word_1_244' title='bbox 1346 3329 1467 3395; x_wconf 59' lang='lat' dir='ltr'>confode-</span> 
     </span>
     <span class='ocr_line' id='line_1_29' title="bbox 222 3391 1467 3463; baseline 0.001 -18"><span class='ocrx_word' id='word_1_245' title='bbox 222 3402 303 3446; x_wconf 83' lang='lat' dir='ltr'>sntes</span> <span class='ocrx_word' id='word_1_246' title='bbox 329 3392 420 3444; x_wconf 73' lang='lat' dir='ltr'>diisset</span> <span class='ocrx_word' id='word_1_247' title='bbox 450 3395 563 3458; x_wconf 71' lang='lat' dir='ltr'>edoctas,</span> <span class='ocrx_word' id='word_1_248' title='bbox 587 3393 666 3445; x_wconf 79' lang='lat' dir='ltr'>malui</span> <span class='ocrx_word' id='word_1_249' title='bbox 690 3391 824 3445; x_wconf 86' lang='lat' dir='ltr'>Leidensis</span> <span class='ocrx_word' id='word_1_250' title='bbox 859 3403 929 3458; x_wconf 73' lang='lat' dir='ltr'>nant,</span> <span class='ocrx_word' id='word_1_251' title='bbox 957 3402 987 3445; x_wconf 88' lang='lat' dir='ltr'>et</span> <span class='ocrx_word' id='word_1_252' title='bbox 1012 3393 1172 3463; x_wconf 82' lang='lat' dir='ltr'>singularem</span> <span class='ocrx_word' id='word_1_253' title='bbox 1204 3409 1344 3446; x_wconf 85' lang='lat' dir='ltr'>numerum</span> <span class='ocrx_word' id='word_1_254' title='bbox 1369 3393 1467 3446; x_wconf 86' lang='lat' dir='ltr'>intelli-</span> 
     </span>
     <span class='ocr_line' id='line_1_30' title="bbox 221 3459 1468 3530; baseline 0.001 -16"><span class='ocrx_word' id='word_1_255' title='bbox 221 3461 300 3514; x_wconf 84' lang='lat' dir='ltr'>fidem</span> <span class='ocrx_word' id='word_1_256' title='bbox 317 3460 394 3530; x_wconf 89' lang='lat' dir='ltr'>sequi</span> <span class='ocrx_word' id='word_1_257' title='bbox 411 3468 439 3512; x_wconf 86' lang='lat' dir='ltr'>et</span> <span class='ocrx_word' id='word_1_258' title='bbox 457 3463 563 3513; x_wconf 82' lang='lat' dir='ltr'>edoctas</span> <span class='ocrx_word' id='word_1_259' title='bbox 572 3461 659 3528; x_wconf 86' lang='lat' dir='ltr'>edere,</span> <span class='ocrx_word' id='word_1_260' title='bbox 678 3459 750 3530; x_wconf 90' lang='lat' dir='ltr'>quod</span> <span class='ocrx_word' id='word_1_261' title='bbox 763 3477 825 3512; x_wconf 86' lang='lat' dir='ltr'>ean-</span> <span class='ocrx_word' id='word_1_262' title='bbox 861 3477 926 3530; x_wconf 85' lang='lat' dir='ltr'>gens</span> <span class='ocrx_word' id='word_1_263' title='bbox 943 3475 985 3526; x_wconf 82' lang='lat' dir='ltr'>rx,</span> <span class='ocrx_word' id='word_1_264' title='bbox 1005 3469 1031 3526; x_wconf 86' lang='lat' dir='ltr'>t,</span> <span class='ocrx_word' id='word_1_265' title='bbox 1049 3469 1083 3514; x_wconf 75' lang='lat' dir='ltr'>st</span> <span class='ocrx_word' id='word_1_266' title='bbox 1101 3471 1155 3514; x_wconf 85' lang='lat' dir='ltr'>tam</span> <span class='ocrx_word' id='word_1_267' title='bbox 1173 3479 1205 3514; x_wconf 79' lang='lat' dir='ltr'>ea</span> <span class='ocrx_word' id='word_1_268' title='bbox 1222 3464 1264 3514; x_wconf 74' lang='lat' dir='ltr'>lis</span> <span class='ocrx_word' id='word_1_269' title='bbox 1283 3464 1329 3530; x_wconf 82' lang='lat' dir='ltr'>qai</span> <span class='ocrx_word' id='word_1_270' title='bbox 1346 3479 1468 3515; x_wconf 80' lang='lat' dir='ltr'>assueve-</span> 
     </span>
     <span class='ocr_line' id='line_1_31' title="bbox 221 3527 1468 3600; baseline 0 -18"><span class='ocrx_word' id='word_1_271' title='bbox 221 3531 283 3582; x_wconf 88' lang='lat' dir='ltr'>dem</span> <span class='ocrx_word' id='word_1_272' title='bbox 305 3527 523 3598; x_wconf 83' lang='lat' dir='ltr'>significationem</span> <span class='ocrx_word' id='word_1_273' title='bbox 548 3528 630 3582; x_wconf 86' lang='lat' dir='ltr'>babet</span> <span class='ocrx_word' id='word_1_274' title='bbox 656 3545 688 3580; x_wconf 84' lang='lat' dir='ltr'>aa</span> <span class='ocrx_word' id='word_1_275' title='bbox 714 3545 826 3598; x_wconf 84' lang='lat' dir='ltr'>saepes</span> <span class='ocrx_word' id='word_1_276' title='bbox 860 3539 922 3581; x_wconf 85' lang='lat' dir='ltr'>rant</span> <span class='ocrx_word' id='word_1_277' title='bbox 940 3530 1037 3582; x_wconf 82' lang='lat' dir='ltr'>talibas</span> <span class='ocrx_word' id='word_1_278' title='bbox 1054 3531 1212 3582; x_wconf 81' lang='lat' dir='ltr'>ministeriis</span> <span class='ocrx_word' id='word_1_279' title='bbox 1229 3533 1353 3598; x_wconf 84' lang='lat' dir='ltr'>-serro</span> <span class='ocrx_word' id='word_1_280' title='bbox 1375 3549 1468 3600; x_wconf 82' lang='lat' dir='ltr'>ampu-</span> 
     </span>
     <span class='ocr_line' id='line_1_32' title="bbox 221 3594 1025 3666; baseline -0.001 -16"><span class='ocrx_word' id='word_1_281' title='bbox 221 3596 336 3650; x_wconf 84' lang='lat' dir='ltr'>librariis</span> <span class='ocrx_word' id='word_1_282' title='bbox 353 3595 542 3666; x_wconf 83' lang='lat' dir='ltr'>interpolatum</span> <span class='ocrx_word' id='word_1_283' title='bbox 560 3605 609 3649; x_wconf 87' lang='lat' dir='ltr'>est.</span> <span class='ocrx_word' id='word_1_284' title='bbox 632 3595 673 3650; x_wconf 87' lang='lat' dir='ltr'>Cf.</span> <span class='ocrx_word' id='word_1_285' title='bbox 691 3594 773 3648; x_wconf 84' lang='lat' dir='ltr'>Drak.</span> <span class='ocrx_word' id='word_1_286' title='bbox 791 3597 826 3649; x_wconf 84' lang='lat' dir='ltr'>sd</span> <span class='ocrx_word' id='word_1_287' title='bbox 860 3606 917 3649; x_wconf 85' lang='lat' dir='ltr'>tare</span> <span class='ocrx_word' id='word_1_288' title='bbox 935 3600 1025 3666; x_wconf 80' lang='lat' dir='ltr'>coepit.</span> 
     </span>
     <span class='ocr_line' id='line_1_33' title="bbox 221 3662 1468 3734; baseline 0 -14"><span class='ocrx_word' id='word_1_289' title='bbox 221 3665 280 3720; x_wconf 86' lang='lat' dir='ltr'>Liv.</span> <span class='ocrx_word' id='word_1_290' title='bbox 298 3679 362 3729; x_wconf 76' lang='lat' dir='ltr'>xxx,</span> <span class='ocrx_word' id='word_1_291' title='bbox 381 3671 423 3718; x_wconf 77' lang='lat'>43.</span> <span class='ocrx_word' id='word_1_292' title='bbox 457 3663 553 3734; x_wconf 86' lang='lat' dir='ltr'>Neque</span> <span class='ocrx_word' id='word_1_293' title='bbox 574 3663 643 3717; x_wconf 86' lang='lat' dir='ltr'>enim</span> <span class='ocrx_word' id='word_1_294' title='bbox 703 3673 826 3734; x_wconf 69' lang='lat' dir='ltr'>metuam</span> <span class='ocrx_word' id='word_1_295' title='bbox 895 3662 936 3717; x_wconf 86' lang='lat' dir='ltr'>Ca</span> <span class='ocrx_word' id='word_1_296' title='bbox 954 3705 961 3717; x_wconf 90' lang='lat'>.</span> <span class='ocrx_word' id='word_1_297' title='bbox 979 3671 1022 3732; x_wconf 78' lang='lat'>82,</span> <span class='ocrx_word' id='word_1_298' title='bbox 1042 3669 1066 3731; x_wconf 70' lang='grc' dir='ltr'>ς.</span> <span class='ocrx_word' id='word_1_299' title='bbox 1087 3670 1128 3718; x_wconf 83' lang='grc'>18.</span> <span class='ocrx_word' id='word_1_300' title='bbox 1163 3668 1190 3718; x_wconf 80' lang='lat' dir='ltr'>si</span> <span class='ocrx_word' id='word_1_301' title='bbox 1206 3667 1246 3718; x_wconf 84' lang='lat' dir='ltr'>ad</span> <span class='ocrx_word' id='word_1_302' title='bbox 1262 3668 1381 3720; x_wconf 70' lang='lat' dir='ltr'>abimum</span> <span class='ocrx_word' id='word_1_303' title='bbox 1399 3669 1468 3720; x_wconf 77' lang='lat' dir='ltr'>vitas</span> 
     </span>
     <span class='ocr_line' id='line_1_34' title="bbox 223 3680 1468 3811; baseline 0.002 -25"><span class='ocrx_word' id='word_1_304' title='bbox 223 3734 289 3787; x_wconf 89' lang='lat' dir='ltr'>illud</span> <span class='ocrx_word' id='word_1_305' title='bbox 306 3730 455 3798; x_wconf 75' lang='lat' dir='ltr'>discrimen,</span> <span class='ocrx_word' id='word_1_306' title='bbox 474 3749 527 3802; x_wconf 91' lang='lat' dir='ltr'>quo</span> <span class='ocrx_word' id='word_1_307' title='bbox 540 3734 648 3784; x_wconf 75' lang='lat' dir='ltr'>eduam</span> <span class='ocrx_word' id='word_1_308' title='bbox 665 3680 702 3784; x_wconf 66' lang='lat' dir='ltr'>di</span> <span class='ocrx_word' id='word_1_309' title='bbox 717 3749 826 3811; x_wconf 74' lang='lat' dir='ltr'>corpora</span> <span class='ocrx_word' id='word_1_310' title='bbox 860 3734 923 3802; x_wconf 82' lang='lat' dir='ltr'>oet]</span> <span class='ocrx_word' id='word_1_311' title='bbox 970 3750 1003 3784; x_wconf 86' lang='lat' dir='ltr'>aa</span> <span class='ocrx_word' id='word_1_312' title='bbox 1020 3733 1124 3786; x_wconf 72' lang='lat' dir='ltr'>mtione</span> <span class='ocrx_word' id='word_1_313' title='bbox 1139 3733 1294 3787; x_wconf 83' lang='lat' dir='ltr'>coniunctio</span> <span class='ocrx_word' id='word_1_314' title='bbox 1311 3736 1338 3788; x_wconf 82' lang='lat' dir='ltr'>si</span> <span class='ocrx_word' id='word_1_315' title='bbox 1354 3735 1468 3789; x_wconf 79' lang='lat' dir='ltr'>colloca-</span> 
     </span>
     <span class='ocr_line' id='line_1_35' title="bbox 223 3799 1469 3866; baseline 0.002 -11"><span class='ocrx_word' id='word_1_316' title='bbox 223 3802 328 3866; x_wconf 78' lang='lat' dir='ltr'>alendo,</span> <span class='ocrx_word' id='word_1_317' title='bbox 355 3803 468 3854; x_wconf 62' lang='lat' dir='ltr'>macore</span> <span class='ocrx_word' id='word_1_318' title='bbox 489 3800 522 3852; x_wconf 88' lang='lat' dir='ltr'>de</span> <span class='ocrx_word' id='word_1_319' title='bbox 546 3799 689 3852; x_wconf 80' lang='lat' dir='ltr'>formandis</span> <span class='ocrx_word' id='word_1_320' title='bbox 711 3800 825 3853; x_wconf 88' lang='lat' dir='ltr'>monbus</span> <span class='ocrx_word' id='word_1_321' title='bbox 861 3807 905 3852; x_wconf 89' lang='lat' dir='ltr'>tur</span> <span class='ocrx_word' id='word_1_322' title='bbox 930 3799 959 3852; x_wconf 87' lang='lat' dir='ltr'>in</span> <span class='ocrx_word' id='word_1_323' title='bbox 980 3801 1102 3854; x_wconf 85' lang='lat' dir='ltr'>omnibus</span> <span class='ocrx_word' id='word_1_324' title='bbox 1124 3802 1203 3854; x_wconf 82' lang='lat' dir='ltr'>codd.</span> <span class='ocrx_word' id='word_1_325' title='bbox 1231 3801 1328 3856; x_wconf 67' lang='lat' dir='ltr'>nantis</span> <span class='ocrx_word' id='word_1_326' title='bbox 1355 3821 1416 3857; x_wconf 87' lang='lat' dir='ltr'>mss.</span> <span class='ocrx_word' id='word_1_327' title='bbox 1439 3814 1469 3858; x_wconf 88' lang='lat' dir='ltr'>et</span> 
     </span>
     <span class='ocr_line' id='line_1_36' title="bbox 222 3867 1468 3994; baseline 0 -70"><span class='ocrx_word' id='word_1_328' title='bbox 222 3871 279 3924; x_wconf 86' lang='lat' dir='ltr'>sere</span> <span class='ocrx_word' id='word_1_329' title='bbox 302 3868 428 3922; x_wconf 88' lang='lat' dir='ltr'>dicimus:</span> <span class='ocrx_word' id='word_1_330' title='bbox 450 3867 481 3920; x_wconf 78' lang='lat' dir='ltr'>cf.</span> <span class='ocrx_word' id='word_1_331' title='bbox 504 3868 539 3920; x_wconf 86' lang='lat' dir='ltr'>sd</span> <span class='ocrx_word' id='word_1_332' title='bbox 556 3881 621 3932; x_wconf 86' lang='lat' dir='ltr'>vm,</span> <span class='ocrx_word' id='word_1_333' title='bbox 640 3875 664 3921; x_wconf 87' lang='lat' dir='ltr'>s.</span> <span class='ocrx_word' id='word_1_334' title='bbox 691 3869 829 3920; x_wconf 80' lang='lat' dir='ltr'>Hellanice</span> <span class='ocrx_word' id='word_1_335' title='bbox 864 3867 1038 3945; x_wconf 76' lang='lat' dir='ltr'>editldodii,</span> <span class='ocrx_word' id='word_1_336' title='bbox 1061 3885 1123 3922; x_wconf 89' lang='lat' dir='ltr'>cum</span> <span class='ocrx_word' id='word_1_337' title='bbox 1144 3869 1173 3921; x_wconf 90' lang='lat' dir='ltr'>in</span> <span class='ocrx_word' id='word_1_338' title='bbox 1195 3870 1314 3940; x_wconf 85' lang='lat' dir='ltr'>principe</span> <span class='ocrx_word' id='word_1_339' title='bbox 1335 3879 1364 3924; x_wconf 88' lang='lat' dir='ltr'>et</span> <span class='ocrx_word' id='word_1_340' title='bbox 1387 3873 1468 3994; x_wconf 43' lang='lat' dir='ltr'>vulg?</span> 
     </span>
     <span class='ocr_line' id='line_1_37' title="bbox 226 3935 1468 4008; baseline 0.002 -17"><span class='ocrx_word' id='word_1_341' title='bbox 226 3954 295 4008; x_wconf 81' lang='lat' dir='ltr'>qaae</span> <span class='ocrx_word' id='word_1_342' title='bbox 312 3939 494 3990; x_wconf 75' lang='lat' dir='ltr'>Alexandrum</span> <span class='ocrx_word' id='word_1_343' title='bbox 512 3938 673 3989; x_wconf 79' lang='lat' dir='ltr'>educaverat.</span> <span class='ocrx_word' id='word_1_344' title='bbox 863 3935 940 3989; x_wconf 80' lang='lat' dir='ltr'>aditis</span> <span class='ocrx_word' id='word_1_345' title='bbox 958 3947 1019 4006; x_wconf 88' lang='lat' dir='ltr'>post</span> <span class='ocrx_word' id='word_1_346' title='bbox 1036 3939 1154 4006; x_wconf 81' lang='lat' dir='ltr'>equidem</span> <span class='ocrx_word' id='word_1_347' title='bbox 1172 3937 1198 3990; x_wconf 92' lang='lat' dir='ltr'>le</span> <span class='ocrx_word' id='word_1_348' title='bbox 1234 3947 1279 3992; x_wconf 89' lang='lat' dir='ltr'>tur</span> <span class='ocrx_word' id='word_1_349' title='bbox 1296 3940 1441 3994; x_wconf 85' lang='lat' dir='ltr'>etSnaken</span> <span class='ocrx_word' id='word_1_350' title='bbox 1461 3981 1468 3993; x_wconf 95' lang='lat'><strong>.</strong></span> 
     </span>
     <span class='ocr_line' id='line_1_38' title="bbox 233 4002 1468 4074; baseline 0.004 -16"><span class='ocrx_word' id='word_1_351' title='bbox 233 4049 234 4052; x_wconf 66' lang='lat'>,</span> <span class='ocrx_word' id='word_1_352' title='bbox 258 4009 281 4074; x_wconf 79' lang='lat'>§.</span> <span class='ocrx_word' id='word_1_353' title='bbox 303 4013 343 4058; x_wconf 88' lang='grc'>17.</span> <span class='ocrx_word' id='word_1_354' title='bbox 362 4007 439 4058; x_wconf 83' lang='lat' dir='ltr'>illam</span> <span class='ocrx_word' id='word_1_355' title='bbox 457 4021 513 4057; x_wconf 83' lang='lat' dir='ltr'>esse</span> <span class='ocrx_word' id='word_1_356' title='bbox 530 4005 627 4074; x_wconf 76' lang='lat' dir='ltr'>reyem]</span> <span class='ocrx_word' id='word_1_357' title='bbox 647 4002 736 4073; x_wconf 87' lang='lat' dir='ltr'>Vulgo</span> <span class='ocrx_word' id='word_1_358' title='bbox 754 4005 828 4056; x_wconf 84' lang='lat' dir='ltr'>illam</span> <span class='ocrx_word' id='word_1_359' title='bbox 862 4013 978 4056; x_wconf 72' lang='lat' dir='ltr'>nostram</span> <span class='ocrx_word' id='word_1_360' title='bbox 996 4007 1135 4058; x_wconf 81' lang='lat' dir='ltr'>verborum</span> <span class='ocrx_word' id='word_1_361' title='bbox 1153 4023 1186 4058; x_wconf 88' lang='lat' dir='ltr'>co</span> <span class='ocrx_word' id='word_1_362' title='bbox 1206 4007 1354 4060; x_wconf 80' lang='lat' dir='ltr'>cantionem</span> <span class='ocrx_word' id='word_1_363' title='bbox 1371 4025 1405 4060; x_wconf 89' lang='lat' dir='ltr'>cx</span> <span class='ocrx_word' id='word_1_364' title='bbox 1416 4027 1468 4063; x_wconf 88' lang='lat' dir='ltr'>uno</span> 
     </span>
     <span class='ocr_line' id='line_1_39' title="bbox 223 4071 1467 4198; baseline 0.002 -2"><span class='ocrx_word' id='word_1_365' title='bbox 223 4071 827 4196; x_wconf 53' lang='lat' dir='ltr'>blslt‘iissn”l“i¹illi‘i⁰d¹msld⁰⁰ll</span> <span class='ocrx_word' id='word_1_366' title='bbox 862 4074 1052 4192; x_wconf 63' lang='lat' dir='ltr'>illidii</span> <span class='ocrx_word' id='word_1_367' title='bbox 1065 4073 1308 4196; x_wconf 63' lang='lat' dir='ltr'>²v0⁸l⁰i²lul⁸ll⁰</span> <span class='ocrx_word' id='word_1_368' title='bbox 1332 4076 1467 4198; x_wconf 65' lang='lat' dir='ltr'>nillil</span> 
     </span>
     <span class='ocr_line' id='line_1_40' title="bbox 225 4181 1467 4278; baseline 0.002 -15"><span class='ocrx_word' id='word_1_369' title='bbox 225 4211 279 4264; x_wconf 85' lang='lat' dir='ltr'>suis</span> <span class='ocrx_word' id='word_1_370' title='bbox 297 4209 370 4263; x_wconf 86' lang='lat' dir='ltr'>libris</span> <span class='ocrx_word' id='word_1_371' title='bbox 388 4209 455 4262; x_wconf 86' lang='lat' dir='ltr'>silet.</span> <span class='ocrx_word' id='word_1_372' title='bbox 473 4207 558 4262; x_wconf 86' lang='lat' dir='ltr'>Paulo</span> <span class='ocrx_word' id='word_1_373' title='bbox 594 4217 636 4260; x_wconf 85' lang='lat' dir='ltr'>ost</span> <span class='ocrx_word' id='word_1_374' title='bbox 657 4181 690 4260; x_wconf 69' lang='lat' dir='ltr'>¹ea</span> <span class='ocrx_word' id='word_1_375' title='bbox 717 4209 826 4277; x_wconf 81' lang='lat' dir='ltr'>captivis</span> <span class='ocrx_word' id='word_1_376' title='bbox 861 4225 943 4276; x_wconf 80' lang='lat' dir='ltr'>osque</span> <span class='ocrx_word' id='word_1_377' title='bbox 960 4210 993 4260; x_wconf 88' lang='lat' dir='ltr'>ab</span> <span class='ocrx_word' id='word_1_378' title='bbox 1013 4210 1180 4276; x_wconf 81' lang='lat' dir='ltr'>Hellesponto</span> <span class='ocrx_word' id='word_1_379' title='bbox 1198 4215 1237 4264; x_wconf 86' lang='lat' dir='ltr'>ad</span> <span class='ocrx_word' id='word_1_380' title='bbox 1256 4213 1402 4278; x_wconf 78' lang='lat' dir='ltr'>Oceanum,</span> <span class='ocrx_word' id='word_1_381' title='bbox 1421 4214 1467 4265; x_wconf 89' lang='lat' dir='ltr'>de-</span> 
     </span>
     <span class='ocr_line' id='line_1_41' title="bbox 226 4227 1466 4350; baseline 0.001 -17"><span class='ocrx_word' id='word_1_382' title='bbox 226 4279 388 4350; x_wconf 81' lang='lat' dir='ltr'>spadoaibus</span> <span class='ocrx_word' id='word_1_383' title='bbox 415 4287 517 4329; x_wconf 83' lang='lat' dir='ltr'>mutata</span> <span class='ocrx_word' id='word_1_384' title='bbox 543 4227 712 4330; x_wconf 84' lang='lat' dir='ltr'>collocatione</span> <span class='ocrx_word' id='word_1_385' title='bbox 738 4293 826 4329; x_wconf 85' lang='lat' dir='ltr'>omnes</span> <span class='ocrx_word' id='word_1_386' title='bbox 862 4274 971 4328; x_wconf 71' lang='lat' dir='ltr'>teriones</span> <span class='ocrx_word' id='word_1_387' title='bbox 989 4278 1103 4328; x_wconf 85' lang='lat' dir='ltr'>abHell.</span> <span class='ocrx_word' id='word_1_388' title='bbox 1121 4295 1203 4346; x_wconf 80' lang='lat' dir='ltr'>usqae</span> <span class='ocrx_word' id='word_1_389' title='bbox 1221 4283 1259 4333; x_wconf 83' lang='lat' dir='ltr'>ad</span> <span class='ocrx_word' id='word_1_390' title='bbox 1269 4281 1323 4345; x_wconf 89' lang='lat' dir='ltr'>Oe.;</span> <span class='ocrx_word' id='word_1_391' title='bbox 1342 4283 1466 4334; x_wconf 79' lang='lat' dir='ltr'>cxllcrn.</span> 
     </span>
     <span class='ocr_line' id='line_1_42' title="bbox 226 4342 1467 4414; baseline 0.002 -13"><span class='ocrx_word' id='word_1_392' title='bbox 226 4348 292 4414; x_wconf 86' lang='lat' dir='ltr'>mai;</span> <span class='ocrx_word' id='word_1_393' title='bbox 319 4346 401 4400; x_wconf 83' lang='lat' dir='ltr'>Snak.</span> <span class='ocrx_word' id='word_1_394' title='bbox 420 4346 453 4397; x_wconf 88' lang='lat' dir='ltr'>de</span> <span class='ocrx_word' id='word_1_395' title='bbox 478 4345 532 4398; x_wconf 83' lang='lat' dir='ltr'>suis</span> <span class='ocrx_word' id='word_1_396' title='bbox 549 4363 631 4397; x_wconf 91' lang='lat' dir='ltr'>unum</span> <span class='ocrx_word' id='word_1_397' title='bbox 647 4345 722 4397; x_wconf 90' lang='lat' dir='ltr'>Voss.</span> <span class='ocrx_word' id='word_1_398' title='bbox 742 4351 756 4396; x_wconf 85' lang='lat'>2</span> <span class='ocrx_word' id='word_1_399' title='bbox 779 4360 825 4396; x_wconf 84' lang='lat' dir='ltr'>au·</span> <span class='ocrx_word' id='word_1_400' title='bbox 860 4344 887 4395; x_wconf 82' lang='lat' dir='ltr'>A</span> <span class='ocrx_word' id='word_1_401' title='bbox 904 4342 968 4394; x_wconf 88' lang='lat' dir='ltr'>nibil</span> <span class='ocrx_word' id='word_1_402' title='bbox 986 4342 1057 4396; x_wconf 82' lang='lat' dir='ltr'>aliud</span> <span class='ocrx_word' id='word_1_403' title='bbox 1075 4352 1183 4400; x_wconf 84' lang='lat' dir='ltr'>notatur</span> <span class='ocrx_word' id='word_1_404' title='bbox 1200 4347 1467 4404; x_wconf 85' lang='lat' dir='ltr'>nisiamittiverbum</span> 
     </span>
     <span class='ocr_line' id='line_1_43' title="bbox 225 4412 949 4480; baseline -0.011 -8"><span class='ocrx_word' id='word_1_405' title='bbox 225 4424 326 4471; x_wconf 75' lang='lat' dir='ltr'>osorem</span> <span class='ocrx_word' id='word_1_406' title='bbox 343 4414 427 4480; x_wconf 85' lang='lat' dir='ltr'>addit,</span> <span class='ocrx_word' id='word_1_407' title='bbox 454 4415 500 4466; x_wconf 88' lang='lat' dir='ltr'>sed</span> <span class='ocrx_word' id='word_1_408' title='bbox 523 4421 564 4466; x_wconf 85' lang='lat' dir='ltr'>est</span> <span class='ocrx_word' id='word_1_409' title='bbox 587 4421 617 4465; x_wconf 91' lang='lat' dir='ltr'>ut</span> <span class='ocrx_word' id='word_1_410' title='bbox 639 4412 770 4465; x_wconf 86' lang='lat' dir='ltr'>interdum</span> <span class='ocrx_word' id='word_1_411' title='bbox 792 4413 825 4464; x_wconf 84' lang='lat' dir='ltr'>de</span> <span class='ocrx_word' id='word_1_412' title='bbox 860 4427 949 4480; x_wconf 80' lang='lat' dir='ltr'>usqae.</span> 
     </span>
    </p>
   </div>
   <div class='ocr_carea' id='block_1_7' title="bbox 0 0 1641 5042">
    <p class='ocr_par' dir='ltr' id='par_1_8' title="bbox 0 0 1641 5042">
     <span class='ocr_line' id='line_1_44' title="bbox 0 0 1641 5042; baseline 0 0"><span class='ocrx_word' id='word_1_413' title='bbox 0 0 1641 5042; x_wconf 95' lang='lat' dir='ltr'> </span> 
     </span>
    </p>
   </div>
  </div>
 </body>
</html>
