3260 5042
233 260 305 367 48⁸
701 307 735 370 o.
762 303 887 358 curru
909 303 995 356 amu

230 491 396 588 captivae
421 497 537 563 mater
551 489 775 587 coniunxque
789 488 915 563 Darei:
941 482 1003 560 illa
1027 510 1102 558 non
1126 486 1314 574 maiestate
1340 485 1468 574 solum,

231 597 298 672 sed
324 595 433 671 etiam
458 607 577 674 aetate
602 599 825 686 venerabilis,
850 598 940 668 haec
959 596 1096 666 formae
1122 593 1405 690 pulchritudine,
1422 619 1469 668 ne

230 707 291 778 illa
316 704 460 804 quidem
494 721 592 782 sorte
623 719 819 804 corruptae.
885 703 1085 798 Receperat
1122 702 1161 772 in
1200 704 1317 788 sinum
1356 705 1470 776 filium

230 812 392 890 nondum
418 830 563 892 sextum
587 840 720 890 annum
746 813 873 884 aetatis
898 833 1101 908 egressum,
1140 809 1178 882 in
1211 833 1312 906 spem
1345 825 1469 888 tentae

229 924 405 1017 fortunae,
432 937 604 1024 qnantum
629 934 731 1019 pater
756 923 831 995 eius
856 921 964 1018 paulo
990 929 1074 994 ante
1093 920 1271 1010 amiserat,
1296 921 1469 1016 genitum.

229 1037 283 1110 At
306 1037 345 1110 in
376 1035 513 1132 gremio
545 1049 652 1104 anus'
669 1033 769 1106 aviae
800 1033 966 1106 iacebant
996 1031 1142 1106 adultae
1174 1028 1267 1102 duae
1299 1029 1467 1128 virgines,
1487 1055 1523 1103 ιι

228 1170 303 1218 non
329 1167 396 1216 suo
422 1151 574 1232 tantum,
601 1140 798 1226 sedetiam
823 1143 916 1216 illius
934 1163 1097 1214 maerore
1112 1139 1308 1214 confectae.
1335 1138 1469 1238 Ingens

229 1253 429 1326 circaeam
454 1251 626 1326 nobilium
650 1253 861 1326 feminarum
892 1252 1001 1324 turba
1035 1247 1264 1337 constiterat,
1303 1249 1470 1324 laceratis

229 1359 404 1451 crinibus,
429 1361 638 1462 abscisaque
664 1373 781 1452 veste,
813 1361 952 1460 pristini
978 1357 1117 1432 decoris
1143 1357 1388 1448 immemores,
1414 1383 1470 1432 re·

228 1471 332 1570 ginas
358 1468 612 1568 dominasque,
650 1474 744 1546 veris
770 1467 967 1567 quondam,
1002 1479 1090 1540 tunc
1115 1467 1239 1544 alienis
1264 1467 1469 1541 nominibus
1507 1561 1510 1566 .

138 1651 141 1656 .
186 1631 188 1634 -
228 1575 448 1656 invocantes.
500 1580 606 1672 illae,
641 1605 726 1654 suae
752 1577 962 1653 calamitatis
988 1576 1140 1667 oblitae,
1180 1578 1218 1650 in
1243 1587 1327 1651 utro
1354 1603 1470 1652 cornu
1489 1605 1527 1656 ao

229 1690 370 1766 Dareus
384 1692 553 1781 stetisset,
572 1715 663 1787 quae
683 1691 826 1764 fortuna
847 1687 1058 1762 discriminis
1077 1687 1214 1776 fuisset,
1228 1688 1468 1784 requirebant.

228 1801 421 1898 Negabaut
446 1824 486 1872 se
513 1810 646 1897 captas,
672 1799 702 1872 si
727 1799 866 1872 viveret
891 1823 967 1872 rex.
1022 1793 1095 1869 Sed
1120 1795 1220 1874 illum
1246 1820 1359 1892 equos
1385 1799 1469 1870 sub·

227 1909 312 1984 inde
337 1916 539 1982 mutantem
564 1909 704 2006 longius
729 1910 815 2006 fuga
839 1908 1048 1982 abstulerat
1328 1973 1332 1984 ,

231 2014 235 2019 ’
330 2017 374 2092 In
399 2018 475 2092 acie
501 2027 622 2092 autem
648 2043 751 2093 caesa
781 2029 866 2092 sunt
896 2017 1089 2092 Persarum
1119 2012 1283 2113 peditum
1318 2027 1463 2092 centum
1484 2045 1521 2094 ar

227 2129 334 2218 milia,
362 2127 486 2201 decem
512 2128 681 2226 equitum.
742 2127 794 2201 At
819 2153 841 2200 a
865 2137 970 2226 parte
995 2123 1196 2200 Alexandri
1222 2135 1394 2220 quattuor
1429 2139 1469 2202 et

111 2257 113 2264 ’
227 2237 412 2334 quingenti
438 2239 548 2310 saucii
574 2239 682 2328 lbere,
710 2264 757 2311 ex
782 2237 962 2335 peditibus
983 2237 1131 2333 triginta
1156 2233 1302 2308 omniuo
1330 2246 1367 2308 et
1393 2237 1467 2312 duo

82 2427 84 2430 ,
164 2354 167 2363 '
226 2345 420 2420 desiderati
458 2357 559 2438 sunt,
607 2350 763 2444 equitum
801 2357 946 2420 centum
985 2345 1244 2442 quinquaginta
1278 2343 1466 2420 interfecti.

112 2455 128 2466 ”
227 2457 383 2530 Tantulo
408 2455 588 2555 impendio
614 2457 738 2555 ingens
764 2457 914 2530 victoria
939 2455 1050 2528 stetit.

122 2629 124 2634 ’
226 2621 305 2675 lrenb.
332 2621 366 2674 ad
384 2619 450 2676 baec
475 2620 543 2676 Livii
560 2623 826 2690 v1,28,8lr'sser-
860 2621 923 2674 item
942 2621 1027 2674 sciam
1045 2621 1137 2686 emtis,
1164 2619 1212 2672 red
1233 2618 1380 2672 abscissoris
1397 2635 1468 2691 nego

180 2743 186 2756 ,
225 2689 346 2743 monitus
371 2698 425 2743 tote
451 2689 480 2741 in
502 2707 531 2743 se
548 2700 676 2744 overent
693 2699 780 2744 costra
798 2697 826 2742 et
860 2688 1026 2742 areteribus
1045 2687 1145 2741 dictum
1162 2703 1228 2752 esse,
1246 2689 1469 2758 proptereaquod

226 2757 262 2810 ad
278 2771 374 2823 xm,
392 2764 424 2810 tl
450 2774 482 2810 ne
501 2759 587 2811 Aetoli
603 2760 691 2828 portis
713 2759 825 2811 alicuius
861 2774 915 2810 nou
932 2755 1051 2826 dignosci
1067 2762 1157 2836 pomt
1175 2755 1208 2806 ab
1223 2770 1255 2806 eo
1272 2755 1344 2833 qnod
1361 2761 1403 2808 est
1419 2757 1470 2809 ab·

131 2885 133 2890 ,
227 2825 540 2878 animoradnnrioctum
548 2828 709 2879 avertissent.
727 2825 826 2878 Noster
860 2827 974 2890 aarum,
1001 2832 1030 2877 et
1056 2822 1117 2877 bbri
1142 2839 1203 2874 mss.
1222 2821 1342 2875 meliores
1369 2822 1468 2894 ubique

227 2905 256 2958 v,
278 2897 319 2957 16,
337 2895 371 2945 28
388 2893 418 2944 r'a
426 2893 526 3011 {upum
544 2895 645 2960 auertit,
668 2902 747 2964 atquc
763 2891 826 2946 scri-
860 2890 969 2962 simplici
986 2890 1066 2944 litera
1087 2898 1208 2944 utuntur.
1244 2889 1335 2944 Unum
1361 2898 1467 2945 tanum

226 2958 325 3031 psimus
342 2957 412 3013 sice
440 2959 502 3013 ibris
519 2973 548 3028 v,
566 2967 609 3029 tt,
629 2970 669 3015 14.
860 2960 932 3014 eud
950 2959 1074 3014 Curtium
1091 2958 1177 3012 lomim
1195 2957 1256 3011 novi
1274 2957 1320 3010 lib.
1344 2973 1353 2984 ·
1381 2975 1404 3012 r.
1423 2967 1466 3029 17,

107 3043 116 3076 ·,
260 3027 751 3108 eornapue.Recepero210beeentus
768 3044 826 3081 sum
859 2977 905 3081 ubi
922 3028 1043 3082 obeeima
1061 3033 1128 3080 veste
1154 3025 1236 3079 etiam
1260 3023 1290 3078 in
1369 3025 1467 3082 'oribus

25 3149 28 3156 .
225 3093 386 3148 certissimae
412 3095 487 3148 codd.
514 3113 630 3150 omniurn
661 3095 826 3150 auctoritati:
860 3095 956 3149 uostris
974 3094 1027 3166 legi
1044 3094 1159 3161 videtur,
1179 3093 1392 3164 quandoquidem
1401 3093 1466 3147 niul

92 3171 96 3179 '
224 3163 307 3232 vulgo
324 3172 455 3232 comptu
475 3164 626 3233 Acceperat.
644 3163 697 3217 Sed
714 3180 760 3216 aec
777 3165 835 3216 r'lla'
859 3162 997 3216 varietatis
1014 3169 1152 3216 enotetum
1169 3169 1219 3215 est.
1238 3161 1279 3216 Cf.
1297 3161 1332 3214 ad
1349 3175 1404 3230 vn,
1422 3168 1466 3216 41.

160 3257 164 3264 ·
226 3233 330 3300 quidem
338 3241 416 3298 sorte,
431 3230 502 3300 quod
512 3231 539 3283 in
547 3233 606 3284 edd.
616 3239 666 3299 est,
684 3232 823 3286 exVoss.1
859 3245 923 3298 vm,
943 3237 973 3284 11
993 3237 1073 3290 extr„

226 3305 255 3350 et
280 3297 351 3350 Flor.
370 3296 397 3352 G
422 3297 524 3352 con-cxi
550 3307 581 3352 ut
606 3318 638 3352 ne
664 3331 698 3340 -
724 3302 825 3368 quidem
894 3300 923 3351 r'n
940 3307 998 3352 utro
1017 3297 1109 3367 cornu]
1128 3295 1357 3366 Praepositionem
1375 3311 1465 3350 omnes

226 3365 374 3418 scriberem.
392 3364 488 3446 Neque
495 3366 565 3419 enim
574 3367 681 3438 copulae
699 3367 740 3420 bic
758 3366 825 3419 ullus
860 3365 920 3419 libri
936 3365 1021 3420 nostri
1039 3383 1099 3418 mss.
1117 3372 1146 3417 et
1163 3365 1204 3416 ed.
1223 3381 1262 3434 pr.
1280 3371 1399 3417 tuentur.
1417 3363 1466 3417 Al·

225 3431 298 3486 locus
307 3440 357 3499 est,
375 3432 398 3485 si
414 3440 507 3503 utrque
524 3451 583 3486 eum
601 3452 687 3488 casum
704 3434 823 3504 excipere
858 3434 907 3486 dus
925 3441 954 3487 et
970 3433 1065 3504 reliqui
1087 3433 1202 3486 editores
1220 3430 1374 3485 omiserunt.
1409 3431 1466 3486 Sed

226 3499 300 3567 velis,
318 3517 397 3570 quem
414 3517 468 3555 non
485 3501 594 3572 excipio.
612 3501 822 3568 videremur
857 3500 929 3622 glor.
948 3501 1005 3555 EF
1023 3518 1083 3555 cum
1100 3501 1142 3554 ed.
1160 3516 1202 3570 pr.
1220 3501 1249 3554 ia
1266 3509 1376 3568 utroque
1392 3515 1466 3552 men-

226 3575 256 3620 et
272 3581 293 3618 Χ
323 3576 335 3620 1
357 3607 364 3620 .
923 3610 929 3624 .

261 3575 360 3688 scirtii
378 3654 477 3716 unauna
499 3639 593 3690 aetolis
619 3669 653 3679 -
674 3647 752 3708 pater
769 3637 823 3690 eius
877 3585 922 3705 οξ
934 3642 976 3716 17.
1004 3638 1097 3716 'decem
1116 3635 1245 3756 equitum}
1280 3633 1358 3687 Haec
1379 3641 1408 3687 et
1425 3651 1466 3688 se-

221 3704 408 3840 adulti
425 3705 825 3841 &rettulisset
859 3702 1225 3851 tuttelstet.
1243 3701 1467 3824 Stltus

225 3845 255 3890 et
266 3841 350 3907 paulo
369 3848 429 3891 ante
440 3850 521 3908 pater
538 3843 593 3894 eius
611 3841 779 3906 exhibeant),
798 3840 824 3892 in
859 3855 947 3911 pnore
964 3847 1041 3918 parte
1059 3837 1175 3892 editione
1189 3837 1322 3890 Modiana.
1340 3836 1466 3891 Deterio-

226 3905 347 3959 omnibus
365 3905 437 3959 libris
454 3924 514 3959 mss.
532 3917 585 3976 est;
612 3909 658 3960 sed
680 3925 727 3978 pro
749 3915 824 3962 sexto
859 3924 900 3961 res
917 3907 986 3975 libri,
1004 3907 1100 3977 quibus
1129 3905 1187 3959 rimi
1202 3905 1317 3958 editores
1335 3903 1375 3958 usi
1393 3913 1464 3972 sunt,

225 3973 297 4036 Flor.
316 3973 343 4025 H
360 3987 425 4040 vm,
452 3974 532 4026 Bern.
550 3975 574 4027 B
593 3986 707 4028 octavum
728 3993 824 4028 annum
859 3978 944 4029 decem
971 3993 1030 4028 uero
1062 3925 1148 4028 nullia
1174 3976 1310 4043 interfecta
1342 3965 1464 4041 equitum.

226 4041 334 4094 babent.
352 4040 419 4095 Post
428 4045 599 4096 mss.cdultae
617 4045 683 4096 derue
701 4045 823 4113 oirpineS,
860 4045 896 4096 Ar
913 4059 945 4096 es
958 4052 1038 4124 porte
1061 4074 1097 4084 -
1120 4045 1156 4094 ιιι
1175 4043 1230 4092 into
1249 4041 1353 4093 cornino
1371 4050 1395 4093 et
1413 4043 1465 4094 duo

225 4107 291 4160 editi
308 4111 353 4161 ud.
372 4111 487 4178 virpines
505 4112 580 4164 dune.
859 4129 890 4164 ex
900 4113 1037 4192 pedalibus
1056 4118 1107 4163 cet.
1171 4109 1224 4161 uod
1241 4115 1283 4160 cst
1301 4117 1424 4176 quattuor
1441 4116 1465 4161 et

260 4178 283 4242 ξ.
302 4181 344 4228 25.
363 4177 517 4247 accusoque
535 4181 611 4245 uerte]
639 4177 682 4230 Sic
699 4176 824 4248 antiquis·
858 4181 1006 4248 qruapeutr',
1025 4177 1051 4230 iu
1070 4177 1140 4229 Flor.
1158 4181 1185 4228 A
1203 4186 1230 4228 ot
1248 4186 1372 4244 quattuor
1389 4178 1465 4245 quin·

226 4243 284 4296 simi
310 4244 363 4296 duo
388 4243 459 4299 Flor.
482 4254 510 4298 et
527 4245 600 4298 Leid.
618 4246 693 4298 Voss.
714 4254 725 4298 1
746 4245 825 4298 Bern.
858 4249 931 4316 penti
948 4245 976 4298 in
993 4246 1074 4297 Bern.
1092 4245 1118 4296 A
1136 4247 1174 4297 od
1190 4254 1312 4312 quattuor
1330 4244 1466 4312 quiupenti

226 4311 261 4376 A,
280 4328 339 4364 cum
356 4310 436 4381 vulgo
454 4315 548 4366 edatur
565 4317 739 4382 abscissoque.
777 4315 825 4366 Ve·
860 4313 987 4383 scriptum
1006 4323 1076 4376 crat,
1105 4312 1151 4364 sed
1175 4313 1267 4365 eadem
1285 4327 1378 4363 manus
1396 4309 1465 4364 anti-

226 4387 291 4432 erem
308 4381 427 4432 scindere
444 4389 473 4434 et
491 4383 642 4436 abscindere
660 4391 760 4435 certum
777 4389 825 4446 est,
859 4397 912 4452 qua
929 4381 1011 4448 illum,
1030 4379 1163 4434 recentior
1181 4381 1250 4434 hunc
1267 4377 1465 4432 ituemcndarit
