3336 5066
169 219 243 290 242
555 227 558 237 “
645 227 941 294 ocunrnsorr
1015 233 1018 242 ⁴

160 419 273 514 longe
303 413 469 490 diversus
500 415 547 490 ab
581 415 658 490 aliis
693 413 790 488 color
815 419 881 484 θεῖ
934 405 1090 498 Quidam
1116 409 1302 509 Caspium,
1336 411 1417 508 qui·

166 523 251 600 dam
275 523 499 624 Hyrcanium
523 528 724 628 appellant=
748 523 808 598 alii
833 530 928 611 sunt,
954 519 1015 616 qui
1027 517 1221 594 Maeotiam
1241 521 1416 620 paludem

164 635 202 710 in
228 635 267 710 id
292 635 421 712 cadere
447 649 591 737 putent:
625 649 665 712 et
689 643 939 735 argumentum
965 631 1139 718 affemmt,
1165 655 1312 727 aquam,
1338 657 1415 729 quo

166 745 305 824 dulcior
338 749 387 822 sit
411 775 520 846 quam
545 759 666 822 cetera
696 747 824 836 maria,
858 745 976 818 infuso
1002 738 1145 839 paludis
1171 739 1322 814 humore
1346 742 1415 814 mi-

165 867 310 934 tescere.
369 859 405 932 A
436 857 687 956 Septentrione
727 857 851 952 ingens
886 857 924 928 in
963 854 1048 926 litus
1088 875 1187 924 mare
1225 851 1413 939 incumbit,
1437 869 1475 918 ra

163 969 341 1068 longeque
374 969 450 1066 agit
480 968 626 1055 ductim,
658 977 696 1040 et
720 990 850 1061 magna
875 975 979 1062 parte
1006 973 1225 1038 exaestuans
1252 972 1409 1060 stagnat

163 1079 265 1154 Idem
297 1079 368 1151 alio
402 1077 492 1150 coeli
525 1085 623 1149 statu
656 1075 781 1173 recipit
806 1075 844 1146 in
875 1099 913 1148 se
939 1075 1088 1162 fretum,
1120 1071 1320 1170 eodemque
1345 1072 1410 1144 im·

116 1189 118 1196 ’
163 1199 267 1288 petu,
294 1211 366 1284 quo
393 1186 547 1260 effirsum
573 1197 643 1276 θεῖ,
669 1185 852 1276 relabens,
877 1195 1013 1258 terram
1038 1192 1190 1255 naturae
1217 1205 1305 1254 suae
1330 1180 1410 1252 red-

164 1299 227 1372 dit
281 1296 330 1370 Et
364 1295 511 1395 quidam
541 1296 740 1388 credidere,
774 1323 847 1370 non
880 1293 1052 1394 Caspium
1084 1317 1186 1366 marc
1212 1317 1312 1382 esse,
1343 1291 1410 1364 sed
1458 1313 1464 1318 ·

162 1435 211 1486 ex
237 1407 340 1482 India
370 1410 409 1484 in
434 1407 653 1508 Hyrcaniam
685 1407 829 1499 cadere,
860 1408 961 1481 cuius
992 1404 1193 1504 fastigium,
1224 1413 1267 1476 ut
1299 1427 1411 1502 supra

162 1519 299 1594 dictum
324 1532 391 1612 est,
417 1527 592 1617 perpetua
615 1518 711 1591 valle
737 1517 980 1590 summittitur.

114 1633 167 1704 13-
265 1629 360 1702 Hinc
394 1653 461 1702 rex
487 1650 541 1700 xx
574 1627 691 1701 stadia
716 1627 889 1726 processit
914 1625 1043 1699 semita
1068 1623 1333 1724 propemodum
1357 1623 1408 1696 in-
1427 1641 1468 1690 no

72 1769 75 1776 ⁴
163 1741 234 1831 via,
260 1740 318 1812 cui
343 1739 435 1812 silva
459 1736 676 1828 imminebat,
702 1746 952 1833 torrentesque
971 1747 1010 1810 et
1036 1736 1171 1810 eluvies
1197 1736 1268 1808 iter
1292 1759 1408 1808 mora·

162 1851 305 1924 bantur.
357 1847 465 1922 Nullo
490 1857 611 1922 tamen
636 1847 740 1921 hoste
766 1847 886 1938 obvio,
910 1855 1089 1946 penetrat,
1115 1845 1336 1944 tandemque
1361 1845 1410 1918 ad

162 2095 245 2144 rum
269 2081 350 2144 tum
385 2071 488 2170 copia
512 2069 611 2167 regio
638 2067 860 2159 abundabat,
894 2093 1087 2167 pomorum
1113 2093 1257 2167 quoque
1283 2070 1411 2168 ingens
1454 2089 1457 2095 ·

162 2180 293 2256 modus
325 2183 499 2272 nascitur,
535 2189 572 2255 et
603 2179 823 2264 uberrimum
852 2177 1042 2278 gignendis
1074 2181 1155 2254 uvis
1190 2181 1311 2254 solum
1345 2189 1410 2254 est

162 1961 335 2034 ulteriora
369 1971 584 2060 perventum
619 1967 684 2032 est
744 1956 893 2032 Praeter
927 1958 1017 2036 alios
1051 1967 1291 2048 commeatu,
1326 1983 1411 2055 quo
1430 1975 1463 2025 ει
1633 2002 1641 2091 Ι

1633 2186 1642 2259 l

164 2405 429 2460 lectioauctoritate
453 2405 547 2460 nititur
563 2405 636 2459 Flor.
654 2405 703 2458 AB
722 2405 770 2459 nisi
803 2421 863 2458 rum
888 2404 988 2458 nullom
1017 2406 1173 2460 condemno.
1209 2405 1250 2462 ct
1274 2405 1414 2460 Haimimn

165 2475 238 2546 quod
255 2473 283 2527 in
307 2473 338 2528 iia
356 2476 454 2527 diversi
472 2473 569 2544 legitur
585 2489 635 2544 pro
652 2477 769 2528 diversus
804 2473 838 2525 ad
857 2472 994 2526 claudian.
1018 2474 1053 2527 de
1077 2489 1108 2526 ιν
1134 2493 1207 2529 cons
1231 2475 1336 2528 Honor.
1362 2480 1412 2528 180

166 2549 195 2596 et
212 2541 332 2596 omnihus
349 2542 436 2596 verbis
454 2541 491 2597 sic
508 2550 585 2596 extat
604 2541 631 2595 in
649 2540 720 2596 Flor.
738 2542 770 2595 Ε.
803 2549 832 2593 θῖ
857 2541 1041 2596 Bur-incanum
1067 2542 1102 2595 ad
1128 2543 1210 2614 Verg.
1240 2542 1340 2612 Geor-g.
1367 2557 1412 2610 111,

83 2625 85 2630 '
159 2609 259 2666 'Ceteri
343 2609 378 2663 im
396 2613 511 2680 piscium
537 2613 565 2664 in
592 2628 620 2664 eo
638 2612 713 2680 unqe
731 2613 771 2663 di·
805 2616 864 2664 349.
911 2647 913 2657 t

167 2680 238 2731 verri
259 2697 277 2732 a
320 2680 384 2732 aliis
407 2681 532 2746 colorum
558 2686 590 2732 ut
620 2678 691 2732 Flor.
718 2678 770 2732 CH
838 2695 889 2748 quo
906 2679 1010 2732 dulcior
1026 2681 1073 2747 cil]
1097 2679 1172 2734 Olim
1188 2681 1319 2734 edebstm
1334 2697 1412 2750 pua,

167 2747 248 2800 Bern.
265 2747 316 2800 AB
335 2745 409 2800 leid
426 2746 502 2801 Voss.
522 2753 579 2800 tn
608 2763 657 2801 nec
674 2746 770 2800 discre-
804 2745 874 2800 deut
891 2747 919 2800 in
936 2746 1083 2818 plerisque,
1110 2749 1158 2802 scd
1183 2748 1259 2802 malis
1276 2747 1412 2803 codicibus

167 2822 216 2886 pat
242 2813 315 2868 Flor.
339 2813 366 2868 G
380 2813 442 2867 ¹nisi
466 2815 538 2886 quod
565 2817 648 2868 colore
674 2815 770 2868 habet:
804 2813 812 2866 l
849 2814 918 2878 tur,
947 2823 1004 2868 tum
1030 2833 1081 2886 pao
1107 2817 1242 2870 dedemnt
1259 2816 1366 2870 Medias
1383 2825 1413 2869 et

168 2881 267 2954 parlim
278 2883 366 2952 piscis
384 2883 413 2936 in
435 2899 464 2936 ro
491 2884 566 2952 lonpc
589 2884 719 2936 divom
736 2885 770 2936 ab
803 2829 897 2954 rillqm
923 2891 952 2936 et
975 2883 1076 2937 bahem
1091 2884 1174 2938 Barn.
1191 2886 1219 2938 A
1234 2885 1309 2939 Flor.
1326 2883 1413 2939 Bou.

167 2953 204 3005 aL
222 2953 341 3017 colorem
359 2958 391 3003 ut
407 2949 478 3004 Flor.
495 2949 519 3004 F
537 2950 593 3004 Pal
614 2959 627 3004 l
646 2952 771 3020 (piscius
804 2949 859 3004 Sed
876 2949 1011 3004 Acidaliae
1028 2961 1058 3004 et
1075 2951 1225 3006 Scbetl'enu
1242 2956 1315 3024 quod
1330 2952 1414 3006 malu-

168 3037 228 3074 cum
258 3027 369 3074 correct.
395 3019 483 3088 piscia
508 3017 580 3072 Flos.
611 3019 655 3086 D,
706 3021 770 3072 ιἐοθε
805 3027 896 3085 erum,
936 3019 1060 3074 nimirum
1102 3022 1176 3091 quod
1214 3023 1413 3092 coniungebcnt

166 3087 240 3142 Flor.
258 3087 285 3156 l)
303 3086 402 3157 partim
419 3086 497 3140 aliter
514 3087 645 3141 aberrant
699 3104 772 3140 mnes
805 3097 985 3156 argumentum
1002 3092 1119 3169 offerunt
1136 3108 1241 3160 αᾳυαηθ
1265 3090 1412 3144 Hancnou

168 3164 258 3210 tamen
275 3155 381 3209 voculas
398 3155 427 3208 in
445 3172 473 3208 eo
491 3154 632 3220 exhibent,
650 3163 680 3208 et
696 3156 772 3210 facila
805 3155 927 3224 equidem
951 3155 1158 3227 explicationem
1186 3174 1280 3212 eorum
1307 3165 1413 3211 εεαιῖιιε

168 3233 210 3276 θεῖ
236 3223 374 3276 intellectu
401 3225 510 3276 colorem
540 3232 569 3277 et
601 3226 685 3276 colore
716 3242 771 3278 uon
805 3238 877 3276 cram
898 3222 927 3276 in
944 3225 1032 3295 priore
1054 3226 1128 3291 edit,
1153 3227 1200 3280 sed
1225 3226 1414 3280 auctoritatem

168 3291 241 3345 aliud
272 3309 351 3362 quam
383 3285 564 3362 comptioneb
604 3309 661 3346 esee
695 3308 772 3345 verae
805 3291 879 3344 Leid.
906 3295 982 3346 Voss.
1008 3301 1020 3346 l
1050 3292 1122 3347 Flor.
1149 3299 1183 3348 A.
1218 3294 1301 3349 Nunc
1322 3307 1413 3347 autem

169 3360 318 3430 scripturae
335 3360 406 3412 color
423 3369 469 3413 est.
629 3379 631 3386 ·
805 3361 886 3414 redeo
908 3361 944 3412 ad
967 3361 1121 3415 Medianum
1144 3363 1320 3433 scripturam,
1344 3377 1414 3433 qnae

165 3469 169 3476 .
204 3431 311 3498 qaedam
337 3428 513 3496 Hyrcaniam]
553 3429 606 3482 Vul
667 3429 772 3496 Hyrca·
806 3427 1012 3483 consumetionis
1036 3429 1171 3500 elegantia
1187 3431 1268 3502 longe
1285 3438 1414 3501 praestat.

168 3515 240 3563 omn,
259 3513 313 3567 qua
338 3495 449 3549 nominis
467 3497 553 3550 forma
569 3498 614 3550 lde
657 3514 691 3566 ap
726 3496 772 3551 lla·
841 3499 864 3564 ξ.
885 3503 924 3550 19.
959 3499 1053 3566 recapit
1070 3501 1099 3552 in
1117 3517 1146 3553 se
1156 3500 1270 3570 fralmo]
1307 3499 1414 3554 Frctwa

169 3565 209 3687 a
226 3564 771 3686 rimaran
1087 3568 1167 3690 ε·
1185 3585 1254 3639 u
1271 3578 1415 3690 ulo

169 3717 212 3781 res
230 3707 271 3754 θεῖ
287 3683 350 3780 yn,
368 3706 403 3781 ll
420 3651 566 3781 sedpmaior
582 3672 662 3754 etiaim
679 3709 771 3755 aucto·
805 3651 974 3780 liqboffigaa
994 3653 1312 3775 recapilnadll'buserclrbbb
1340 3707 1414 3776 quod

169 3777 234 3824 ritas
252 3769 375 3822 adreclm
393 3769 534 3837 Hyrcanis.
805 3787 885 3822 miror
902 3769 1045 3824 Cellarium
1062 3771 1090 3825 in
1107 3780 1186 3827 textu
1203 3773 1354 3830 collocasse.

205 3838 351 3891 Maeotiam
404 3839 500 3904 iudan]
529 3835 618 3906 Vulgo
635 3837 770 3904 Maeotim,
839 3840 914 3906 ΜΟ.
929 3849 1051 3918 penetrat
1068 3857 1161 3896 omnes
1180 3843 1258 3896 codd.
1277 3861 1327 3912 pro
1340 3845 1413 3924 vulg.

170 3907 217 3962 sed
233 3904 317 3960 nostri
342 3854 403 3958 lidii
425 3913 472 3958 aut
490 3905 614 3958 Montium
632 3913 679 3958 aut
697 3907 770 3958 Meo-
801 3915 956 3975 ρθηθῖναυιῖ.
983 3906 1070 3961 Paulo
1087 3919 1151 3980 post
1167 3915 1206 3964 od
1222 3913 1349 3966 ullen'oro
1367 3913 1413 3966 itr-

169 3977 266 4040 tidcm,
291 3973 357 4026 illud
374 3973 552 4039 crudiores,
569 3991 637 4044 quos
652 3974 713 4028 alibi
732 3991 771 4028 sc·
805 3974 866 4027 dem
882 3991 973 4028 omnes
990 3991 1055 4030 exce
1077 3987 1105 4031 ῖο
1123 3977 1233 4032 Flor.G
1251 3978 1278 4032 in
1317 3998 1352 4034 ao
1370 3989 1413 4035 est

190 4043 284 4108 uimur,
303 4048 332 4094 et
348 4041 447 4122 plures,
466 4043 516 4095 boc
525 4041 670 4096 deteriores
687 4043 776 4110 (Flore
805 4045 924 4122 cultiora.
967 4043 1030 4098 Hoc
1087 4047 1180 4113 odius,
1206 3998 1412 4118 Freimimim,

170 4061 246 4232 dilig
282 4127 350 4189 unus
372 4120 453 4164 etum
477 4109 547 4164 Flor.
574 4109 599 4163 G
625 4114 769 4192 recondant,
805 4109 866 4178 alii,
880 4113 1044 4193 'edideraut3
1068 4113 1226 4194 minimeque
1250 4117 1412 4196 displiceret,

171 4178 771 4328 tt.tlttttttttltttl'tt
806 4198 933 4316 llffmllss
958 4181 1056 4328 tlt
1081 4187 1413 4326 llssffiaiiffioi'a‘

171 4317 345 4388 eligeremus,
370 4332 529 4386 quamquam
556 4316 648 4370 buum
674 4317 771 4370 forma·
807 4335 884 4371 musa
901 4335 954 4373 non
971 4318 1042 4372 idem
1059 4319 1231 4390 significaret.
