3258 5120
598 269 647 320 uu
674 267 801 322 cnsrrs
826 270 937 322 snex.
963 273 1000 338 x,
1027 265 1053 320 s.
1363 245 1435 316 491

58 486 65 501 ·
160 449 378 549 quondam
417 451 591 525 adversus
625 453 808 526 libidinem
847 451 974 542 animi,
1027 449 1175 523 arbitrio
1214 448 1322 523 scorti
1360 447 1436 520 aliis

51 599 60 640 r
164 587 309 661 regna
335 561 452 654 daret,
482 564 559 636 aliis
587 563 761 637 adimeret
786 563 910 634 vitam.

51 710 61 753 ς
98 695 141 740 es
301 671 434 746 lisdem
461 676 535 747 iere
562 673 688 744 diebus
716 673 852 746 litteras
880 674 1009 770 accipit
1035 671 1079 744 de
1107 672 1213 744 rebus
1239 671 1275 743 in
1293 669 1438 768 Europa
1466 673 1486 742 6

52 834 53 848 ,
102 805 144 850 44
169 795 219 858 et
234 783 334 858 Asia
358 785 480 880 gestis,
508 783 594 855 dum
621 785 696 880 ipse
714 783 854 856 Indiam
881 783 1033 882 subegit.
1074 781 1239 878 Zopyrio‚
1266 781 1437 854 Thraciae

172 895 443 992 praepositus,
471 921 552 967 cum
580 894 844 993 expeditionem
871 895 908 965 in
936 891 1046 967 Getas
1072 890 1220 981 faceret,
1249 902 1437 990 tempesta·

174 1005 293 1077 tibus
319 1006 554 1104 procellisque
581 1005 699 1078 subito
721 1006 869 1097 coortis,
896 1029 978 1076 cum
1006 1013 1083 1076 toto
1110 1003 1268 1074 exercitu
1295 1027 1439 1101 oppres·

52 1163 60 1208 ς
106 1117 155 1180 '⁴5
179 1141 254 1190 sus
287 1127 373 1189 erat.
429 1113 509 1204 Qua
541 1117 685 1214 cognita
715 1115 836 1206 clade,
863 1113 1016 1188 Seuthes
1052 1109 1214 1210 Odrysas
1249 1114 1438 1210 populares

182 1251 284 1299 suos
324 1224 372 1298 ad
411 1225 647 1298 deiectionem
687 1227 918 1324 compulerat.
998 1225 1141 1297 Amissa
1178 1222 1438 1322 propemodum

182 1335 366 1425 Thracia,
393 1361 439 1410 ne
466 1333 617 1410 Graecia
643 1336 786 1434 quidem
812 1337 866 1382 *¹*
1204 1364 1207 1371 ·

187 1499 365 1572 [tumultibus
383 1501 542 1556 inconcussa
559 1502 661 1556 mansit
696 1503 767 1556 Nam
786 1502 953 1570 Alexander,
979 1501 1072 1572 punita
1088 1509 1251 1572 satraparum
1274 1499 1439 1572 quorundam

187 1576 353 1644 insolentia,
381 1595 474 1650 quam,
501 1579 610 1634 damin
637 1587 757 1634 extremo
775 1581 841 1633 orbe
860 1579 987 1632 Indorum
1004 1577 1083 1631 armis
1100 1575 1242 1641 attinetur,
1268 1593 1315 1648 per
1340 1595 1441 1632 summa

189 1654 299 1708 scelera
315 1663 394 1726 atque
413 1655 513 1726 flagitia
530 1655 558 1710 in
583 1655 758 1727 provinciales
776 1663 965 1722 exercuerant,
990 1663 1139 1708 ceterorum
1157 1660 1256 1706 metum
1279 1654 1439 1707 intenderat:

190 1730 290 1802 quiin
306 1731 413 1802 paribus
439 1731 541 1787 delictis
563 1732 633 1786 idem
650 1732 824 1786 admissorum
850 1731 996 1803 praemium
1018 1737 1203 1801 expectantes,
1230 1729 1257 1784 in
1282 1729 1439 1784 mercenari-

63 1807 71 1820 '
186 1825 276 1860 urum
292 1807 407 1862 militum
424 1809 502 1862 fidem
521 1810 723 1880 confugiebant,
746 1808 852 1862 illorum
872 1807 1008 1874 manibus,
1032 1806 1055 1860 si
1073 1808 1108 1860 ad
1125 1805 1281 1878 supplicium
1301 1822 1439 1878 posceren-

193 1891 255 1951 tur,
275 1883 388 1937 salutem
405 1903 481 1939 suam
498 1886 624 1954 tutaturi3
643 1893 689 1939 aut
705 1884 828 1956 pectinis,
848 1893 951 1957 quanta
967 1891 1087 1956 poterat,
1105 1892 1204 1952 macta,
1222 1884 1312 1954 sugam
1328 1881 1439 1936 inibant.
1555 1880 1558 1885 ’

192 1959 238 2012 Ea
256 1977 286 2013 re
303 1959 410 2030 cognita
427 1961 532 2016 litterae
553 1964 587 2016 ad
611 1979 702 2016 omues
720 1961 798 2016 Asiae
815 1971 953 2033 praetores
979 1959 1073 2015 missae
1090 1969 1166 2028 suns,
1195 1961 1289 2032 quibus
1315 1959 1440 2030 inspeetis

53 2102 54 2110 ἵ
169 2094 172 2099 f
193 2053 211 2090 s
227 2035 342 2108 vestigio
360 2053 451 2092 omnes
468 2040 621 2111 peregrinos
646 2039 758 2106 milites,
786 2037 832 2110 qui
849 2037 982 2109 stipendia
997 2038 1045 2092 sub
1064 2038 1127 2110 ipsis
1150 2041 1281 2103 tacerent¹
1307 2035 1440 2090 dimittere

195 2113 365 2169 iubebantur.
400 2114 467 2169 Erat
484 2113 553 2170 iuter
569 2131 617 2170 eos
633 2114 778 2186 Harpalus,
804 2131 884 2186 quem
901 2114 1069 2180 Alexander,
1094 2116 1167 2186 quod
1193 2114 1229 2168 ob
1247 2112 1327 2184 ipsius
1348 2111 1436 2167 amici·

198 2189 263 2244 tiam
280 2189 344 2246 olim
361 2209 377 2245 a
394 2189 520 2262 Philippo
539 2191 638 2247 eiectus
661 2191 747 2246 solum
771 2190 906 2258 vertisset,
930 2189 1002 2246 inter
1018 2188 1155 2244 fidissimos
1172 2191 1294 2256 habebat,
1320 2198 1348 2244 et
1372 2196 1438 2260 post

198 2265 303 2321 Mazaei
321 2277 434 2322 mortem
451 2269 567 2340 satrapis
584 2267 749 2340 Babyloniae
767 2269 927 2336 donaverat,
953 2269 1189 2337 thesaurcnunquc
1210 2266 1345 2322 custodiae
1361 2281 1440 2338 prae·

201 2423 301 2566 reliqui
312 2453 504 2527 propagarunt
539 2446 593 2501 Sed
610 2453 687 2519 patet
703 2447 742 2500 ita
758 2447 805 2500 ad·
839 2446 921 2514 bent,
948 2465 996 2518 pro
1030 2464 1083 2528 quo
1108 2445 1199 2498 lunius
1229 2447 1263 2500 de
1289 2444 1441 2500 coniectura

203 2513 293 2568 denis
320 2515 507 2586 demendrsqus
533 2514 621 2569 verbis
644 2532 699 2569 non
724 2531 804 2585 posse
839 2514 915 2568 dedit
958 2517 1064 2637 subpar,
1107 2515 1178 2584 quod
1216 2513 1311 2586 reliqui
1345 2529 1441 2584 propa·

203 2583 289 2636 locum
306 2591 458 2655 corruptum
475 2583 589 2638 metari.
624 2583 754 2654 Equidem
771 2583 805 2636 'in
838 2591 943 2652 garant
1031 2600 1067 2636 on
1092 2599 1163 2652 nego
1190 2598 1281 2637 verum
1310 2597 1368 2634 esse
1393 2596 1442 2652 per

204 2649 289 2721 priore
306 2650 425 2705 editione
447 2651 481 2705 de
500 2650 652 2705 coniectura
668 2651 705 2705 sic
722 2652 803 2704 dede·
839 2668 868 2704 sc
895 2653 1004 2724 subigit,
1037 2651 1084 2704 sed
1116 2652 1167 2704 boc
1190 2660 1278 2704 tamen
1308 2650 1366 2704 loco
1401 2647 1441 2701 vi·

205 2735 269 2771 ram:
287 2722 324 2774 cd
339 2721 457 2774 adimam
472 2730 557 2773 tamen
574 2722 613 2773 itu
623 2721 656 2773 cd
668 2721 804 2788 seraetipec
839 2719 919 2772 detur
934 2720 1102 2774 coniunctum
1124 2719 1234 2772 alterum
1274 2733 1379 2773 raesens
1396 2733 1441 2770 nc·

207 2789 380 2857 depenerent,
408 2799 437 2842 ut
463 2790 575 2842 invictus
601 2791 730 2859 quendum
755 2790 803 2840 nd·
839 2789 902 2858 cipit
920 2785 948 2840 in
965 2805 1044 2842 causa
1060 2787 1139 2840 fuisse
1161 2805 1208 2842 cur
1273 2789 1325 2858 epit
1340 2785 1440 2840 malue-

208 2857 458 2922 amulanium,
477 2872 527 2910 nec
545 2855 647 2908 interea
664 2855 803 2927 quicquam
838 2855 874 2909 rit
891 2865 1000 2923 auctor,
1020 2856 1090 2926 quod
1108 2873 1167 2910 eum
1183 2857 1264 2926 pestis
1282 2856 1361 2908 rebus
1378 2871 1440 2908 con-

208 2923 240 2975 ab
256 2921 311 2976 aliis
328 2923 508 2994 excogitatum
525 2924 641 2994 comperi
659 2924 731 2995 quod
747 2939 803 2976 ma
838 2923 1003 2993 iungeretur.

209 2989 246 3061 gis
270 2989 439 3046 satisfaceret.
476 2991 556 3045 Nunc
582 3001 670 3045 umen
716 3010 746 3044 ro
769 3008 803 3044 ao
873 2995 898 3057 s.
920 2999 962 3045 44.
997 3011 1055 3046 cum
1072 2995 1254 3061 eepedilionem
1275 3023 1310 3034 —
1324 2989 1439 3059 faceret]

210 3059 276 3178 quod
292 3059 319 3111 in
336 3059 470 3182 liqristest
487 3063 631 3180 ιςὲἰιοιωᾶι,
754 3077 804 3180 po·
838 3063 878 3112 Im
928 3060 966 3113 'te
984 3059 1102 3114 editores
1121 3060 1204 3130 princ
1222 3063 1325 3114 dum—
1336 3059 1440 3128 jaceret

223 3143 390 3181 ammosa
417 3145 460 3181 um
501 3147 510 3180 r
566 3145 582 3180 e
618 3145 687 3182 onec
711 3144 753 3180 me

212 3193 243 3247 ali
261 3195 303 3248 uid
320 3167 474 3249 inveniatur,
488 3146 619 3278 prdldlono.
840 3205 1030 3275 propagarunt
1070 3195 1097 3250 N
1132 3214 1166 3250 ue
1192 3195 1262 3250 enim
1279 3196 1333 3249 sert
1354 3211 1441 3264 gram·

212 3211 460 3402 darn-tt,
477 3265 717 3386 ²01
740 3263 805 3385 tit
839 3263 1253 3386 retrudatur
1378 3279 1440 3317 Μ’·

214 3399 324 3452 cOceno
342 3400 437 3454 salsum
455 3417 514 3454 esse
541 3409 630 3472 patet,
655 3351 804 3472 qeiia'coe-
873 3407 896 3468 ς.
909 3407 953 3454 45.
976 3418 1009 3453 ne
1029 3401 1144 3454 Graecia
1162 3402 1274 3471 quidem]
1307 3387 1441 3453 Incusum

214 3477 410 3590 'stlt‘ttl
433 3485 576 3608 ms
599 3467 649 3592 ii‘
677 3467 805 3590 biiii?
838 3468 1134 3591 lttti'ltt'ttt
1147 3470 1224 3591 tlt
1242 3469 1262 3522 n
1275 3467 1443 3590 stituit

216 3601 269 3656 olim
285 3575 364 3658 fuisse
382 3608 471 3672 duae,
499 3607 546 3658 scd
568 3577 632 3658 istim
649 3605 700 3658 boc
717 3604 803 3657 incer·
839 3607 867 3658 in
889 3604 1010 3674 margine
1038 3604 1097 3669 „hic
1114 3607 1210 3658 desunt
1235 3606 1302 3657 duae
1328 3604 1441 3658 liueae.“

217 3677 263 3723 tim
277 3670 309 3724 sit
329 3681 448 3743 praestat
474 3674 571 3727 tollere
589 3690 621 3726 ea
646 3673 729 3726 verba
745 3689 804 3726 cum
839 3677 964 3754 Apparet
986 3681 1090 3726 tantum
1107 3674 1164 3726 sere
1185 3673 1297 3744 spatium
1323 3671 1442 3726 relietum

217 3738 280 3792 lunio
294 3741 444 3794 auctoribus
461 3741 537 3794 libris
555 3740 625 3794 Flor.
639 3741 703 3794 DFI
721 3740 801 3794 Pell
839 3742 919 3794 fuisse
937 3741 966 3794 in
983 3741 1051 3794 libro
1070 3743 1140 3794 unda
1157 3741 1203 3794 illa
1218 3757 1293 3794 exem
1314 3739 1380 3794 iaris
1395 3740 1442 3792 de-

219 3815 242 3859 ct
255 3807 318 3861 Flor.
336 3806 412 3862 CEH
430 3809 510 3864 Bern,
529 3809 551 3862 B
574 3811 650 3863 Voss.
668 3815 693 3862 2.
728 3811 803 3860 Acci·
839 3809 952 3880 scripta,
971 3825 1032 3862 nam
1049 3825 1079 3862 re
1095 3826 1159 3862 vera
1176 3810 1261 3863 multo
1279 3757 1339 3878 pius
1358 3809 1441 3861 deest.

215 3877 345 3944 pitsutem
362 3876 460 3946 legitur
477 3878 504 3931 in
521 3877 596 3930 leid.
614 3878 714 3931 vesal
734 3874 803 3929 Dan.
838 3877 911 3933 Nam
927 3895 990 3930 essu
1007 3876 1046 3929 ita
1062 3877 1188 3932 accidisse
1214 3878 1331 3943 videtur,
1357 3885 1387 3930 ut
1403 3875 1442 3930 illi

220 3944 374 4014 (qumquam
400 3943 463 3998 mihi
491 3945 598 4016 quidem
625 3962 659 3998 ex
682 3945 761 3998 Bern.
779 3948 805 3999 A
839 3945 967 4000 Graeciae
994 3945 1121 4000 tumultus
1156 3964 1215 4000 cum
1241 3942 1352 4015 Harpali
1379 3944 1443 4014 suga

220 4029 262 4066 non
287 4015 408 4082 notatu)
440 4013 512 4067 Flor.
538 4012 631 4066 ADGl
657 4013 747 4066 Pall
777 4023 805 4065 et
839 4015 951 4068 lacunae
981 4013 1120 4068 occasicme
1153 4013 1339 4078 convenirent,
1374 4029 1442 4079 urm,

221 4080 271 4134 edit
293 4081 432 4148 Modiana,
459 4082 635 4152 convenitque
662 4090 804 4138 consuetu·
839 4082 890 4136 nisi
908 4100 1005 4136 nomm
1031 4081 1099 4136 inter
1118 4099 1175 4152 cap.
1203 4088 1297 4135 let8
1323 4081 1442 4134 lacunam

222 4148 263 4201 dini
286 4148 435 4220 scriptoris,
472 4151 516 4222 qui
551 4150 577 4204 in
610 4149 658 4202 tali
693 4148 804 4203 transitu
839 4149 1100 4215 autumnalium,
1127 4151 1207 4204 etism
1225 4151 1260 4203 de
1285 4148 1441 4204 continuato

237 4218 333 4271 uesenti
351 4217 406 4272 sere
421 4227 539 4289 tempore
557 4217 650 4280 utitur,
669 4234 729 4271 raro
763 4235 804 4270 cr·
839 4236 924 4289 usque
942 4219 1010 4272 Susa
1036 4218 1133 4272 itinere
1159 4227 1188 4272 et
1214 4218 1311 4288 nuptiis
1337 4218 1441 4283 ducum,

222 4234 276 4339 iectu
290 4295 319 4339 ut
336 4301 379 4366 ris,
407 4293 437 4340 21
467 4305 506 4368 pr.
546 4287 600 4340 Sed
626 4302 718 4366 omnes
743 4235 803 4338 iibri
839 4287 909 4354 aliis,
928 4303 996 4357 quae
1013 4288 1084 4368 apud
1103 4287 1182 4341 Diod.
1201 4304 1223 4340 c.
1244 4294 1291 4366 307
1310 4287 1441 4358 regimim,

224 4369 269 4406 nas.
283 4363 311 4407 et
327 4355 390 4408 clun
408 4355 474 4410 edin
492 4359 597 4410 dcm-
613 4357 713 4424 ευὸιφι
730 4355 804 4406 exhi·
839 4355 991 4427 expositum
1007 4357 1087 4410 fuisse
1107 4373 1214 4410 necesse
1233 4363 1275 4408 sit

765 3128 804 3181 ius
839 3129 873 3180 de
893 3138 980 3192 omns,
997 3128 1129 3182 incuriose
1144 3127 1239 3198 reliqui
1249 3135 1356 3198 praeter
1364 3125 1440 3181 Mod.
