3350 5042
581 904 628 1010 Q.
667 905 894 992 curru
932 905 1087 990 auur

809 1115 858 1168 DE

714 1271 965 1342 GESTIS

331 1488 941 1610 ALEXANDRI
996 1468 1326 1605 MAGNI

619 1731 746 1789 REGIS
772 1731 1054 1788 MACEDONUM

717 1921 859 1988 LIBER
877 1921 953 1990 VII.
1035 1941 1038 1946 ’

761 2167 915 2178 ...-.----

676 2397 995 2459 ARGUMENTUM.

288 2554 330 2617 (1)
347 2547 554 2616 Quaestionibus
581 2547 663 2601 semel
686 2547 824 2613 institutis,
850 2564 896 2599 rex
918 2545 997 2600 etiam
1020 2545 1215 2613 Alexandnnn,
1239 2545 1337 2617 Airopi
1362 2547 1480 2616 lilium„

218 2626 379 2697 Lyncesten,
398 2641 476 2697 quem
494 2633 556 2678 ante
573 2623 714 2678 triennium
732 2623 783 2678 sibi
800 2623 950 2676 insidiatum
962 2621 1095 2693 Antipatri
1113 2621 1196 2675 soceri
1213 2621 1335 2692 precibus
1352 2626 1453 2680 condo.
1467 2638 1486 2688 a

219 2711 338 2770 neverat,
356 2719 372 2756 e
389 2718 492 2757 carcere
510 2709 671 2773 protractum
688 2701 715 2754 in
733 2699 857 2756 contione
876 2717 979 2754 causam
997 2701 1084 2754 dicere
1106 2699 1189 2754 iussit
1224 2701 1304 2765 Quod
1322 2717 1380 2753 eum
1399 2719 1453 2754 non

219 2787 318 2848 posset,
336 2779 464 2851 supplicio
482 2779 589 2833 affectus
607 2787 656 2832 est.
683 2783 723 2846 (2)
734 2779 802 2831 {lum
820 2779 999 2848 producuntur
1015 2780 1145 2847 Amyntas
1163 2783 1192 2829 et
1208 2775 1329 2830 Simmiae
1346 2777 1452 2846 fratres,

219 2856 277 2926 regi
298 2855 412 2928 nispeeti
437 2865 547 2928 proptor
569 2855 709 2909 amicitiam
730 2871 789 2908 cum
806 2854 914 2908 Philota
931 2864 960 2907 et
976 2853 1028 2907 alia
1049 2852 1146 2907 indicia
1168 2853 1247 2906 animi
1270 2853 1347 2906 alieni
1370 2872 1453 2907 nova·

220 2949 330 3004 rumque
351 2949 439 2987 rerum
460 2932 556 3004 aspidi.
601 2935 643 3001 (3)
666 2931 719 2986 Sed
742 2934 871 3002 Amyntas
893 2932 1002 2986 uinculis
1023 2931 1124 2986 solutius
1145 2930 1251 2984 fortiter
1272 2947 1300 2984 se
1320 2929 1451 2998 defendit,

218 3016 248 3062 et
269 3009 384 3080 primum
404 3027 498 3066 vocum
519 3019 619 3063 temere
636 3008 762 3074 iactarem
789 3008 956 3062 insolentiam
977 3015 1099 3076 exmsat,
1127 3011 1171 3079 (4)
1194 3006 1290 3060 deinde
1312 3006 1453 3062 amicitiam

218 3083 343 3140 Philotae
361 3103 390 3140 se
408 3095 557 3142 ceteronsm
579 3086 701 3157 exemplo
725 3087 754 3139 'et
775 3085 855 3156 ipsius
877 3085 947 3156 regis
965 3083 1039 3156 quasi
1057 3084 1128 3138 iussn
1146 3083 1303 3156 expetivisse
1322 3083 1452 3152 defendit,

220 3163 262 3231 (5)
279 3171 335 3216 urm
353 3163 463 3218 crimina
479 3163 544 3235 regii
565 3164 667 3218 scribae
684 3164 794 3230 refutat,
817 3168 845 3216 et
860 3177 950 3214 reram
968 3179 1070 3216 ceruum
1088 3161 1219 3229 ostendit,
1242 3179 1288 3215 cur
1305 3161 1452 3232 Olympias,

219 3240 290 3310 regis
310 3249 410 3307 mater,
432 3240 516 3312 ipsum
538 3239 592 3293 filio
615 3257 664 3311 per
690 3240 791 3294 litteras
821 3238 932 3292 invisum
954 3239 1107 3292 reddiderit
1150 3241 1192 3309 (d)
1214 3236 1292 3290 Dum·
1306 3238 1373 3295 haee
1395 3238 1454 3310 agit

219 3319 357 3386 Amyntas,
376 3318 459 3370 frater
475 3316 532 3370 eius
549 3315 682 3370 Polemon
699 3334 734 3370 ex
750 3316 814 3386 fuga
830 3324 957 3370 senacuis
975 3315 1121 3383 adducitur,
1140 3313 1185 3386 qui
1202 3331 1260 3369 urm
1278 3324 1361 3369 semet
1378 3334 1453 3371 accu-

219 3401 299 3460 saret,
317 3394 413 3447 fratres
431 3393 586 3449 innocentes
603 3409 660 3446 esse
677 3401 828 3458 testaretur,
847 3402 994 3447 ceterorum
1011 3393 1103 3448 animis
1119 3392 1207 3459 motis,
1226 3392 1260 3445 ab
1275 3411 1328 3446 uno
1337 3396 1454 3463 Amynta

218 3469 336 3540 graviter
353 3471 511 3542 increpatur.
546 3471 616 3523 Tum
633 3487 682 3524 rea
700 3487 716 3524 a
732 3478 790 3524 tota
807 3469 932 3524 contione
949 3479 1089 3539 exoratus,
1107 3479 1161 3524 tres
1178 3471 1274 3524 fratres
1292 3471 1375 3525 multo
1394 3487 1454 3538 eum

219 3546 322 3600 honore
338 3549 482 3602 uerbosum
499 3547 622 3602 absolvit.
1189 3571 1191 3576 ·

286 3627 329 3692 (7)
355 3625 510 3679 Alexander
531 3626 565 3678 ad
587 3624 795 3678 interficiendum
817 3623 1031 3691 Pamrenionem,
1058 3631 1114 3677 tum
1136 3623 1164 3678 in
1183 3623 1276 3678 Media
1297 3639 1355 3676 cum
1377 3631 1453 3695 parte

218 3700 350 3755 exercitus
367 3710 531 3769 sementem,
554 3701 748 3772 Polydamanta
768 3700 857 3755 mittit.
892 3703 935 3771 (8)
954 3701 1006 3767 Qui
1025 3718 1083 3755 oum
1106 3699 1262 3754 brevissimo
1281 3709 1400 3772 tempore
1418 3717 1453 3753 eo

218 3777 397 3847 pememsset,
416 3779 565 3833 deliberata
582 3796 611 3833 re
628 3777 694 3833 eum'
705 3777 844 3849 praesectis
863 3778 956 3849 regiis,
974 3777 1175 3833 Parmenionem
1193 3777 1265 3832 domi
1282 3794 1346 3830 sune
1364 3776 1454 3848 oppri-

218 3852 274 3907 mit
300 3857 343 3926 (9)
363 3855 568 3910 Tumultuantur
584 3855 689 3922 milites,
708 3855 755 3909 sed
772 3855 887 3909 recitatis
904 3856 974 3926 regis
992 3855 1085 3909 litteris
1104 3853 1249 3926 quieseunt
1276 3854 1318 3907 De
1335 3855 1452 3908 moribus

219 3927 403 3985 Parmenionis
421 3940 450 3986 et
466 3933 543 4004 eulpa
561 3932 642 3986 dubia
659 3931 806 3986 disseritur.
840 3937 896 3999 (10)
919 3932 1019 3985 Milites
1042 3949 1136 3986 necem
1158 3934 1256 3986 veteris
1279 3931 1351 3986 ducis
1370 3931 1453 3984 libere

218 4008 357 4078 conquesti
375 4016 403 4062 et
420 4009 571 4064 continuum
588 4009 708 4064 laborem
725 4025 806 4080 aegre
823 4009 947 4077 ferentes,
966 4009 993 4062 in
1010 4026 1088 4063 unam
1106 4010 1364 4064 cohortemaoetero
1378 4025 1453 4063 exer-

218 4083 271 4138 citu
288 4094 469 4158 segregantur.

287 4164 347 4232 (11)
365 4163 519 4217 Alexander
535 4181 552 4216 a
569 4161 686 4235 Drarrgia
704 4164 731 4218 in
748 4163 886 4234 regionem
899 4162 1094 4235 Arimasporum
1112 4163 1168 4218 sire
1185 4163 1376 4235 Euergetarum
1393 4180 1454 4233 per-

218 4238 300 4306 venit,
319 4239 381 4294 inde
400 4239 506 4294 Carano
525 4250 553 4294 et
570 4240 679 4312 Erigyio
698 4260 756 4296 cnm
774 4249 848 4314 parte
866 4240 996 4294 exercitus
1019 4242 1143 4294 adversus
1160 4240 1358 4294 Satibarzanen
1375 4241 1454 4294 Arios

219 4315 307 4370 denuo
329 4317 506 4371 concitantem
534 4317 662 4385 dimissis,
691 4319 725 4372 ad
746 4317 905 4371 Arachosios
932 4317 1057 4388 penexit.
1098 4318 1158 4386 (12.
1180 4317 1383 4387 13.14.)11ino
1406 4333 1454 4388 per

218 4391 355 4464 regionem
370 4393 643 4466 Parapamisadnrum,
662 4412 782 4466 asperam
799 4403 828 4448 et
845 4395 899 4450 altat
916 4395 976 4448 trive
994 4400 1150 4460 contectam,
1168 4411 1269 4446 summo
1286 4411 1344 4448 cum
1361 4393 1454 4446 labore

219 4471 253 4522 ad
270 4469 416 4525 Caucasum
434 4471 573 4544 processit,
592 4472 664 4527 cuius
681 4471 708 4526 in
727 4472 857 4526 radicibus
882 4474 932 4542 (od
947 4475 1077 4526 meridien
1094 4489 1197 4540 vernn,
1215 4473 1238 4526 si
1245 4473 1317 4540 fides
1335 4473 1453 4524 Arriosw
