3324 5054
213 277 263 352 86
586 339 589 344 .
686 293 719 356 o.
748 292 871 346 curru
897 297 983 348 auri

211 481 322 552 mitns
354 473 546 568 acciderat,
587 475 756 553 admovit
813 477 935 554 Prima
973 505 993 556 e
1024 479 1264 556 Macedonum
1304 483 1501 558 navibus⁷

213 588 477 684 quinqueremis
498 589 689 664 velocitate
709 591 802 664 inter
821 601 958 663 ceteras
978 593 1138 664 eminens
1158 595 1324 684 occurrit,
1350 621 1460 692 quam

208 707 256 769 -ut
281 721 500 798 conspexere
527 698 673 798 Tyriae,
706 699 797 771 duae
833 723 881 770 ex
916 697 1060 770 diverso
1095 701 1131 770 in
1164 701 1280 772 lutera
1305 705 1381 776 eius
1407 707 1479 778 in-.

212 821 339 900 vectae
365 822 460 902 sunt,
486 813 523 884 in
549 833 699 905 quarum
724 809 875 880 alteram
900 808 1164 904 quinqueremis
1192 808 1320 882 eadem
1343 817 1458 885 conci·

212 933 290 995 tata
316 933 354 995 et
378 923 457 1020 ipsa
481 931 601 993 rostro
627 919 698 989 icta
723 928 794 1006 est,
821 932 859 990 et
884 918 980 990 illam
1005 919 1160 992 invicem
1187 921 1312 993 tenuit
1366 919 1457 993 Iam-
1482 940 1504 988 a

213 1059 284 1129 que
306 1058 359 1121 ea,
386 1054 478 1126 quae
503 1053 576 1100 non
599 1027 823 1119 cohaerebat,
850 1029 962 1104 libero
979 1031 1117 1128 impetu
1140 1042 1277 1122 evecta,
1303 1032 1341 1105 in
1361 1031 1459 1106 aliud

208 1140 477 1237 quinqueremis
516 1139 611 1212 latus
646 1140 901 1231 invehebatur,
944 1167 1027 1213 oum
1061 1144 1333 1237 opportunitate
1368 1144 1460 1217 mira

208 1248 367 1320 triremis
393 1272 414 1323 e
440 1250 552 1324 classe
578 1249 776 1324 Alexandri
806 1253 843 1324 in
878 1275 958 1324 eam
991 1250 1125 1345 ipsam,
1159 1275 1252 1346 quae
1287 1254 1458 1349 quinque·

210 1359 301 1431 remi
326 1359 552 1452 imminebat,
579 1373 681 1434 tanta
705 1362 743 1432 vi
767 1361 923 1456 impulsa
948 1368 1020 1448 est,
1054 1371 1095 1434 ut
1121 1359 1253 1459 Tyrius
1278 1360 1458 1458 guberna-

208 1481 271 1544 tor
301 1471 339 1545 in
372 1497 471 1546 mure
505 1480 734 1552 excuteretur
760 1494 780 1542 e
806 1469 928 1566 puppi.
980 1467 1108 1545 Plures
1135 1469 1266 1548 deinde
1291 1470 1503 1546 Maedos

208 1582 300 1655 ¹num
324 1608 436 1656 naves
462 1579 729 1678 superveniunt,
755 1589 793 1652 et
817 1603 885 1653 rex
911 1604 1054 1677 quoque
1080 1580 1225 1654 aderat:
1253 1609 1336 1656 cum
1357 1583 1459 1682 Tyrii

208 1690 546 1764 inhibentes-remis
572 1715 678 1788 aegre
705 1689 857 1762 evellere
878 1715 1018 1780 navem,
1046 1716 1139 1788 quae
1164 1693 1348 1783 haerebat,
1375 1719 1458 1792 por·

210 1813 360 1898 tumque
394 1801 516 1876 omnia
548 1801 653 1874 simul
689 1801 832 1897 navigia
856 1812 1035 1899 repetunt
1089 1797 1288 1876 Confestim
1313 1829 1379 1877 rex
1404 1806 1458 1877 in·

209 1923 355 2000 secutus
388 1923 534 2011 portum
559 1910 702 2008 quidem
727 1911 861 1983 intrare
893 1935 967 1982 non
999 1911 1132 2009 potuit,
1169 1937 1251 1985 cum
1283 1915 1457 2012 procule

209 2024 325 2128 muris
352 2023 543 2097 missilibus
579 2031 883 2111 summoveretur,
917 2047 1030 2095 naves
1065 2033 1189 2096 autem
1220 2048 1347 2097 omnes
1380 2026 1457 2100 fere

210 2143 275 2206 aut
300 2132 486 2224 demersit,
513 2143 577 2207 sut
602 2135 704 2230 cepit

111 2303 113 2308 ,
161 2241 214 2314 19-
313 2242 429 2318 Biduo
464 2242 593 2318 deinde
619 2241 667 2315 ad
693 2242 848 2339 quietem
874 2239 960 2313 dato
985 2241 1173 2334 militibus,
1209 2244 1386 2342 iussisque
1411 2255 1452 2320 et
1480 2273 1523 2323 1o
1592 2279 1602 2288 ·

210 2355 362 2428 classem
387 2364 425 2430 et
450 2354 631 2426 machinas
664 2353 796 2450 pariter
822 2349 1032 2441 admovere,
1064 2362 1106 2424 ut
1132 2354 1291 2451 undique
1319 2356 1456 2430 territis
1615 2357 1620 2364 ’

210 2465 371 2554 instaret,
398 2465 474 2562 ipse
500 2465 537 2537 in
564 2464 771 2538 altissimam
798 2473 933 2534 turrem
961 2461 1133 2553 ascendit,
1161 2465 1299 2562 ingenti
1325 2466 1456 2556 anime,

162 2599 170 2654 t
195 2577 368 2674 'periculo
394 2576 537 2650 maiore.
590 2571 730 2672 Quippe
755 2571 853 2670 regio
879 2573 1008 2670 insigni
1036 2585 1074 2646 et
1099 2576 1208 2648 armis
1233 2576 1456 2673 fulgentibus
1481 2599 1519 2646 11

210 2689 432 2784 conspicuus,
460 2712 553 2760 unus
580 2685 767 2783 praecipue
794 2683 874 2755 telis
901 2684 1102 2780 petebatur.
1142 2683 1192 2756 Et
1217 2684 1329 2782 digna
1354 2711 1456 2783 pror·

210 2821 272 2869 sus
305 2798 510 2895 spectaculo
542 2795 668 2870 edidit:
705 2793 837 2866 multos
864 2817 884 2864 e
911 2795 1022 2867 muris
1049 2808 1320 2892 propugnantes
1348 2797 1459 2871 hasta

208 3001 379 3093 occiderunt,
403 3014 474 3084 quod
500 3013 610 3066 forum
633 3009 811 3080 recipiendum
845 3009 928 3062 ueniti
945 3009 1017 3065 Flor.
1036 3010 1101 3064 DFI
1119 3013 1294 3066 incendentes
1311 3015 1391 3066 remis
1408 3015 1459 3067 de-

209 3089 281 3147 erat,
307 3089 336 3134 et
359 3097 415 3134 sine
436 3080 601 3134 dubitatione
618 3077 811 3150 recepissemsi
845 3079 951 3131 derunt.
978 3079 1070 3132 Simile
1107 3079 1153 3130 uid
1171 3079 1307 3133 Acidaliae
1325 3081 1457 3150 voluerat,

209 3147 318 3220 pluralis
340 3165 463 3202 numerus
485 3148 593 3202 shcuius
613 3147 724 3201 subiecti
745 3165 771 3199 v.
788 3163 811 3200 o
847 3147 1000 3212 innitentes,
1022 3164 1083 3200 nim
1131 3147 1207 3200 odins
1230 3164 1265 3200 ex
1281 3148 1371 3219 sliquo
1388 3148 1458 3204 libro

203 3220 382 3287 pugnantium
406 3219 517 3270 adesset
558 3215 622 3270 D'ui
639 3233 671 3268 es
688 3217 721 3268 do
738 3231 767 3268 re
784 3213 812 3268 in
846 3213 956 3268 Vocet
981 3215 1059 3268 simili
1082 3217 1134 3280 (sn
1152 3216 1282 3284 eodemt)
1312 3219 1459 3272 intitmtss

212 3301 324 3354 mamm.
341 3285 401 3338 Lot.
420 3287 443 3352 ξ.
463 3292 504 3340 92.
784 3311 787 3318 ·
847 3299 931 3334 remos
949 3283 1073 3334 dedisset
1109 3283 1216 3336 Modius
1234 3283 1300 3336 nihil
1317 3299 1346 3336 se
1362 3285 1458 3341 sudire

244 3355 302 3420 §.t
320 3371 398 3422 quain
416 3365 443 3406 nr
453 3369 606 3422 conspexere
618 3353 722 3421 Tyriae,
743 3354 811 3404 rinae
847 3359 941 3402 contra
963 3351 1046 3403 stulte
1069 3349 1212 3419 gloriatur:
1239 3359 1270 3404 st
1286 3351 1361 3404 illum
1378 3370 1459 3408 nemo

209 3439 241 3474 er
259 3423 373 3492 cinereo]
402 3421 490 3490 Vulgo
516 3421 591 3488 Tyrii
613 3429 641 3473 et
663 3437 676 3472 c
699 3421 811 3487 diuerso,
846 3419 924 3470 hodie
941 3419 1041 3484 sudiet,
1060 3429 1202 3488 postquam
1216 3419 1366 3474 Gronovius
1376 3421 1457 3476 obss

208 3490 254 3542 ted
274 3507 321 3542 nos
339 3507 493 3543 consensum
512 3490 587 3542 codd.
605 3489 675 3542 Flor.
693 3488 811 3540 etSusk.
847 3493 930 3552 ΝΜ]
950 3503 1005 3539 mm
1024 3486 1100 3556 plene
1117 3487 1241 3556 exposuit
1260 3487 1460 3558 ismqneetism

208 3557 293 3610 menti
310 3575 413 3624 sumtu,
431 3575 480 3612 neo
497 3557 645 3611 dubitsmus
663 3555 727 3626 quin
744 3555 812 3609 sicut
847 3554 931 3608 lexic·
952 3554 1072 3624 vulgaris
1094 3555 1192 3608 docent
1214 3571 1272 3608 esse
1288 3555 1367 3608 remis
1384 3565 1460 3612 retro

209 3643 241 3678 er
260 3635 409 3678 transuerso
427 3625 532 3692 dieitur,
551 3625 589 3678 its
606 3625 686 3678 otiam
698 3625 812 3677 demere
847 3639 941 3674 nsvcm
968 3622 1111 3692 impellere
1155 3623 1228 3676 Tum
1249 3623 1395 3678 infinitivus
1417 3625 1460 3679 hi-

211 3693 292 3746 iuerit
317 3713 348 3746 ex
370 3698 488 3759 diverso,
512 3712 564 3746 non
587 3697 727 3746 edircrso.
762 3693 812 3746 Fst
847 3692 958 3744 storieus
975 3691 1107 3760 praesenti
1126 3691 1234 3745 iunctus
1250 3691 1363 3746 offendit
1380 3693 1459 3746 Aldi-

209 3769 283 3815 certe
300 3761 384 3816 multo
400 3761 572 3832 frequentius.
597 3763 723 3816 Cetemm
732 3761 811 3814 Bcrn.
848 3777 910 3812 num
927 3759 1065 3824 editorem,
1075 3759 1121 3829 qni
1140 3777 1199 3812 esni
1216 3759 1251 3813 ob
1269 3777 1375 3814 causam
1392 3765 1460 3814 eoel-

209 3832 235 3883 A
253 3847 268 3882 u
285 3847 325 3898 pr.
343 3847 377 3882 m.
401 3841 423 3882 et
448 3833 509 3896 din,
533 3830 612 3882 ilem.
630 3831 652 3882 B
671 3839 812 3900 utrumqne
848 3830 904 3880 trent
926 3827 1042 3881 conexit
1065 3829 1193 3895 (Vosst
1218 3829 1359 3894 evulsero).
1403 3829 1461 3883 Sed

209 3897 366 3952 vocabulum
383 3897 493 3950 omittit
849 3895 912 3949 nihil
930 3914 1034 3968 prorsus
1052 3913 1118 3965 opus
1140 3904 1184 3949 est
1201 3896 1356 3949 mutatione
1392 3896 1459 3950 Dixi

245 3970 270 4032 ᾗ
293 3972 318 4018 8.
345 3977 417 4018 toruo
441 3969 466 4018 ri
488 3967 599 4034 impulso
622 3977 659 4018 cst
682 3967 721 4085 aa
745 3965 811 4018 Tria
848 3981 880 4018 es
898 3966 931 4016 de
949 3981 977 4017 re
998 3965 1024 4016 in
1042 3982 1152 4034 graium.
1171 3964 1232 4016 Lat.
1250 3968 1275 4031 §.
1294 3971 1354 4017 582.

210 4033 276 4088 hnoc
292 4035 374 4086 verbs
391 4043 524 4105 postrema
540 4035 566 4086 in
581 4034 685 4086 blond
720 4043 810 4086 esunt:
880 4032 998 4103 Capit,
1018 4035 1041 4099 ξ.
1061 4041 1101 4084 to.
1121 4043 1148 4084 nt
1166 4036 1281 4100 trudique
1299 4035 1398 4086 territis
1417 4035 1459 4085 in-

210 4103 265 4155 duo
282 4111 385 4154 tanturn
409 4105 519 4157 nonnis«
538 4113 575 4154 cst
601 4104 690 4154 obisse
707 4119 723 4153 s
741 4103 809 4155 Flor.
845 4103 939 4172 staret]
959 4100 1048 4169 Vulgo
1068 4102 1366 4167 utrimque,sedomnes
1375 4100 1459 4154 Snsk.

212 4169 325 4234 liciusii,
345 4169 418 4222 init.
437 4160 534 4222 louet
556 4171 622 4222 llsn.
640 4171 770 4231 (licuntur,
785 4183 811 4221 ct
846 4171 921 4222 codd.
940 4179 965 4220 rt
987 4179 1098 4237 uterque
1119 4170 1198 4220 Ber-n.
1216 4179 1246 4220 et
1263 4185 1279 4220 e
1297 4168 1458 4222 Florentinis

211 4254 302 4290 venun
319 4247 360 4289 cst
379 4240 411 4288 de
428 4238 497 4290 llan.
506 4239 551 4307 qni
561 4249 601 4291 cst
611 4238 684 4290 initiis
696 4239 810 4289 [terrun.
847 4236 1046 4289 nsscttttttt
1070 4238 1141 4304 quod
1159 4237 1287 4290 edidimus
1313 4245 1459 4306 praestsnt.

215 4321 218 4328 ’
246 4309 311 4374 §a
331 4309 471 4358 iustitium
494 4309 571 4358 roais
597 4323 673 4365 οων(
696 4309 810 4372 errllerr}
847 4305 972 4356 Modirms
997 4304 1129 4372 scripturn
1147 4309 1317 4356 et-instore
1339 4305 1368 4358 in
1385 4305 1458 4358 nullo

212 4369 339 4446 Corrupit
357 4375 441 4426 locum
459 4385 599 4441 corrector,
618 4365 690 4428 ruins
708 4391 813 4426 manum
848 4373 917 4428 libro
934 4391 982 4426 rus.
1000 4374 1071 4444 quod
1089 4374 1169 4426 srism
1189 4374 1331 4426 iuvenitur.
