3260 5042
526 331 576 380 ua
601 329 729 386 ousrrs
756 331 865 382 sarx.
892 331 944 400 111,
966 327 1009 380 2⁷.
1345 309 1394 379 45

109 535 138 582 rs
153 513 265 586 iactis.
328 509 421 584 Tum
452 535 542 586 vero
562 514 695 598 -.cateri·
709 511 928 606 dissipantur
959 519 1078 597 metu,
1112 521 1150 582 et
1174 534 1245 606 qua
1269 501 1396 606 cuique

152 620 200 694 ad
224 621 349 718 fugam
374 622 527 721 patebat
545 623 614 711 via,
639 628 840 716 emmprmt,
866 618 1156 706 armaiacientes,
1183 641 1274 712 quae
1288 619 1395 718 paulo

151 741 237 804 ante
262 730 311 805 ad
337 734 490 806 tutelam
515 753 707 826 corporum
732 739 976 826 sumpserant:
1019 725 1110 800 adeo
1143 749 1256 824 pavor
1288 730 1397 800 etiam

108 859 136 906 1³
153 842 289 916 auxilia
313 839 493 917 formidat
546 836 710 914 Instabat
735 840 953 936 fugientibus
979 862 1087 933 eques
1114 861 1136 908 a
1161 834 1397 910 Parmenione

152 954 299 1042 missus,
326 959 364 1022 et
387 951 483 1022 sorte
510 949 546 1022 in
571 948 660 1023 illud
687 973 799 1021 cornu
825 972 950 1020 omnes
975 949 1061 1043 fuga
1086 945 1292 1020 abstulerat

243 1062 297 1134 At
321 1059 359 1132 in
385 1055 518 1132 dextro
543 1057 677 1134 Persae
702 1056 893 1131 Thessalos
920 1056 1056 1155 equites
1082 1055 1313 1128 vehementer
1338 1080 1395 1127 nr·

106 1187 137 1236 ιι
152 1170 299 1266 gebant
346 1167 496 1266 Iamque
521 1193 594 1240 una
618 1168 677 1240 ala
700 1167 780 1265 ipso
806 1168 942 1264 impetu
967 1165 1170 1264 proculcata
1195 1174 1287 1238 erat:
1314 1189 1397 1239 cum

152 1277 333 1370 Thessali,
366 1289 514 1354 strenue
540 1277 761 1351 circumactis
778 1277 887 1373 equis
912 1275 1057 1374 dilapsi,
1083 1297 1206 1347 rursus
1230 1275 1268 1348 in
1293 1299 1395 1372 proe-

150 1387 241 1462 lium
265 1389 438 1478 redeunt,
476 1411 691 1485 sparsosque
723 1397 761 1460 et
792 1386 1045 1484 incompositos
1070 1384 1240 1458 victoriae
1265 1384 1396 1459 fiducia

105 1514 135 1562 1⁵
151 1498 328 1573 barbaros
353 1498 493 1597 ingenti
518 1497 628 1572 caede
653 1505 896 1595 prosternunt
921 1495 1013 1592 Equi
1034 1493 1169 1592 pariter
1189 1495 1396 1592 equitesque

152 1607 348 1682 Persarum
371 1609 466 1684 serie
490 1609 703 1682 laminarum
728 1630 873 1704 graves,
899 1630 1046 1704 agmen,
1086 1603 1182 1702 quod
1215 1605 1396 1679 celeritate

150 1718 310 1790 maxime
336 1728 491 1808 constat,
517 1743 624 1816 aegre
649 1717 906 1790 moliebantur:
940 1715 1070 1813 quippe
1095 1716 1133 1788 in
1158 1716 1395 1814 chounagen-

152 1825 208 1899 dis
235 1828 336 1925 equis
362 1829 437 1902 suis
463 1826 627 1902 Thessali
651 1827 784 1900 multos
809 1833 1081 1934 occupaverant

151 2015 229 2071 Plut.
255 2017 312 2071 vita
328 2017 406 2072 Alex.
425 2025 455 2072 et
473 2016 578 2072 Aeliani
604 2017 665 2072 hist.
683 2017 762 2072 anim.
796 2016 938 2072 Parmenio
956 2016 1079 2070 adversm
1088 2015 1211 2068 dextrum
1219 2014 1304 2082 stetit,
1313 2016 1394 2084 unde,
1511 2062 1516 2070 ,

152 2097 193 2152 vr,
212 2089 250 2138 48
267 2085 415 2140 mmuvia
796 2093 939 2155 postquam
962 2084 971 2136 i
990 2100 1019 2138 se
1044 2100 1098 2136 non
1122 2082 1234 2152 arnplius
1258 2083 1394 2164 utebatur,
1551 2118 1556 2125 ·

185 2155 212 2220 ς.
234 2158 276 2204 12.
311 2170 364 2222 qua
381 2154 477 2222 ουίᾳυι
493 2155 638 2224 adsupam
652 2154 763 2224 potebat
796 2155 896 2206 mittere
915 2151 961 2224 qui
979 2169 1030 2218 em,
1048 2147 1095 2205 sed
1111 2168 1165 2204 non
1182 2153 1301 2216 mittere,
1338 2169 1396 2206 uass

151 2219 207 2287 eiu}
245 2219 397 2275 Verborum
417 2220 538 2275 ordinem
554 2221 629 2276 codd
647 2220 762 2274 auctori-
796 2219 825 2274 in
842 2221 994 2288 obstantes,
1012 2218 1160 2298 equitatum
1176 2226 1292 2298 poterat
1320 2168 1396 2273 (idox

150 2293 241 2340 tatere
257 2297 364 2343 samm
380 2287 498 2356 mutavi,
516 2305 577 2344 cnm
593 2289 675 2370 vulgo
692 2296 763 2343 esset
795 2288 842 2342 vul
861 2306 878 2342 o
895 2289 925 2341 in
939 2291 1071 2352 idcomu,·
1089 2286 1181 2366 malros
1198 2303 1229 2340 aa
1246 2285 1395 2344 distinctim

101 2413 104 2424 ,
151 2371 206 2424 qua
225 2358 320 2426 astque
332 2358 442 2428 putebat
459 2359 605 2428 adsupom
628 2375 689 2424 mo,·
715 2359 763 2411 sed
795 2357 826 2411 M
864 2357 902 2409 'us
919 2364 949 2409 et
965 2356 1040 2410 codd.
1058 2353 1176 2424 pleraque
1192 2369 1282 2408 omnes
1300 2356 1395 2422 (unum

151 2423 567 2496 obsequiumpotuiconsensui
575 2442 676 2492 eorum,
714 2443 761 2480 uos
795 2419 866 2478 enim
891 2423 995 2494 excipio
1021 2422 1055 2476 de
1076 2421 1173 2475 nostris
1195 2421 1275 2474 Bern.
1292 2422 1317 2476 B
1335 2441 1395 2478 essm

150 2498 290 2611 qsffluqurss,
222 2492 310 2612 Lei?
355 2492 539 2614 dmopiudicp,
557 2443 763 2614 Bemhhilsseoq
795 2491 906 2613 Vossut
924 2491 954 2613 idn
971 2491 1065 2572 haqm
1082 2490 1296 2612 concordauotplm)
1318 2493 1395 2612 illug.
1492 2569 1494 2576 χ

170 2645 203 2680 „0
223 2643 286 2695 ,a
321 2578 417 2708 aa,
435 2578 686 2684 sammaa
702 2579 761 2682 a.
797 2563 870 2708 a,
888 2561 1395 2707 tristissuma:

267 2703 324 2749 tam
341 2695 425 2750 sacrlss
443 2713 476 2750 sc
492 2715 541 2768 pro
559 2714 634 2752 more
651 2696 761 2778 scripto-
795 2714 868 2750 nrms
886 2695 950 2750 locu
967 2695 1096 2748 bonorum
1113 2701 1270 2763 senptorum
1278 2695 1395 2748 ammad-

150 2762 189 2816 ris
206 2763 295 2816 neubi
311 2763 379 2832 crit,
397 2782 479 2844 quam
495 2765 518 2819 si
535 2783 588 2835 ᾳιια
606 2764 762 2819 adverbiali·
796 2771 902 2830 vertas,
923 2770 961 2816 ¹ut
977 2781 1070 2816 rursus
1088 2779 1216 2829 reuocare,
1242 2779 1336 2817 wreus
1354 2779 1403 2816 re··

151 2839 197 2883 ter
213 2830 318 2884 dicam
334 2832 445 2903 accipis,
473 2832 542 2886 eiust
559 2841 601 2888 est
618 2833 689 2915 apud
707 2833 762 2887 Ne·
797 2835 890 2886 ducere
908 2832 980 2912 apud
996 2830 1053 2912 Lis.
1067 2836 1201 2910 xsru,20,
1219 2845 1260 2896 rx,
1274 2837 1317 2898 tt,
1335 2848 1396 2912 ms-

151 2899 346 3021 Pleiai&
360 2903 763 3023 trabs-{mittit
796 2909 984 3046 dissiliit
1001 2899 1236 3036 dimili.
1254 2898 1397 3036 {lilasi

146 3037 406 3104 porsetperqcaisi,
424 3043 454 3089 et
471 3037 543 3107 apud
559 3045 679 3091 namnam
696 3036 764 3090 infra
796 3049 856 3089 xlv.
892 3035 1019 3089 Similiter
1044 3045 1104 3088 aare
1116 3051 1295 3113 promerere,
1316 3036 1397 3104 psius

151 3119 174 3155 c.
193 3106 231 3155 28
249 3119 311 3171 quo
328 3113 427 3157 rectura
445 3105 543 3156 iterio
561 3105 698 3158 Persidas
717 3106 764 3157 du-
830 3105 948 3172 resapere
974 3112 1002 3156 et
1027 3102 1078 3155 alia
1103 3119 1158 3154 erus
1184 3101 1301 3172 generis,
1336 3101 1397 3156 vida

152 3170 238 3232 cetat,
256 3177 336 3237 rv,tl
356 3189 408 3241 qua
426 3173 523 3226 lostam
540 3175 639 3242 equites
657 3173 764 3226 missu-
792 3121 932 3224 b'mkenb.
952 3171 986 3224 ad
1003 3170 1060 3223 Liv.
1079 3184 1129 3236 xx,
1148 3176 1190 3236 21,
1209 3175 1233 3224 8.

153 3255 214 3290 rana
234 3253 292 3291 ease
308 3241 437 3304 emebat,
455 3254 485 3307 V,
499 3245 532 3294 37
560 3257 627 3320 ᾳιιαΙ
642 3257 764 3321 quemque
831 3242 915 3318 5315.
951 3241 1019 3292 sesne
1042 3241 1200 3318 laminarum
1220 3239 1345 3319 aava]
1364 3236 1397 3292 ln

153 3315 207 3452 tt.
220 3307 765 3446 tuttelsttffirltttlt
797 3306 1397 3443 illiti,Pladttllttutttllt

153 3439 221 3493 edat
231 3439 764 3514 bludPreinehemiumqueseeutussum.
798 3441 834 3495 eis
851 3459 901 3498 nec
918 3443 993 3497 bonis
1011 3441 1142 3496 codicibus
1159 3441 1229 3494 Flor.
1248 3441 1299 3495 ΡΗ
1340 3459 1397 3496 ern.

154 3507 232 3562 Flor-
250 3507 285 3564 G.
303 3509 331 3562 H
348 3527 503 3580 quaerasque
525 3529 576 3582 pro
593 3529 646 3581 quo
664 3513 763 3581 cuique.
797 3510 869 3564 Bet
886 3509 951 3563 edit.
968 3511 1029 3563 ΑΜ.
1046 3519 1076 3563 et
1093 3510 1167 3577 Iun.)
1192 3509 1247 3563 inte
1297 3519 1398 3564 huntur

180 3578 332 3648 formidat]
373 3577 512 3632 Generalis
546 3578 680 3634 sententia
713 3586 763 3646 est,
798 3579 879 3632 verba
896 3580 927 3632 ob
946 3581 976 3631 id
990 3596 1081 3648 penus.
1116 3577 1157 3631 Ea
1180 3593 1240 3630 cum
1282 3578 1397 3632 raimbe-

154 3653 324 3723 quapropter
351 3646 422 3716 vulg.
490 3646 530 3700 't
595 3648 764 3717 ¹soruu‘dubut
798 3646 851 3700 mio
869 3647 961 3714 omisi,
988 3645 1106 3699 scholion
1132 3654 1205 3699 ratus
1229 3646 1262 3699 de
1355 3646 1397 3700 ‘ne

154 3729 244 3765 mmus
261 3725 302 3766 est
317 3665 541 3769 commendabdis.
569 3714 624 3769 Sed
641 3731 764 3786 praesens
798 3715 826 3767 in
843 3721 948 3768 textum
965 3714 1134 3768 translatum:
1157 3721 1228 3766 certa
1263 3713 1290 3767 ui
1363 3732 1398 3769 uc

153 3787 265 3850 tempus
282 3781 364 3834 etiam
380 3783 527 3837 auctoritas
543 3783 665 3837 codicum
736 3800 765 3834 u·
800 3781 859 3836 loco
881 3800 929 3836 suo
956 3789 1105 3835 emouentes
1124 3781 1236 3834 orationi
1278 3782 1398 3840 ursinum

154 3846 211 3914 lat,
259 3849 457 3919 uandoquidern
485 3851 518 3903 de
544 3851 609 3904 meis
633 3869 664 3905 oo
684 3851 765 3904 ioibus
799 3859 892 3920 aptare
919 3849 1077 3915 voluerunt,
1107 3849 1171 3902 nibil
1188 3849 1331 3905 effecerunt
1347 3850 1398 3904 nisi

150 3864 320 3981 formidabat
339 3935 393 3970 non
409 3916 510 3988 legitur
528 3919 576 3972 nisi
594 3919 621 3973 in
639 3918 764 3986 PionFl,
799 3927 831 3971 ut
848 3916 1004 3987 scriptoram
1022 3917 1108 3970 inutili
1127 3918 1237 3987 ambage
1247 3925 1397 3972 onerarent.

155 3991 185 4036 et
208 3981 344 4037 Snalsenb,
370 4001 430 4038 arm
447 3988 583 4055 formidet
609 3987 764 4057 scripsisset,
799 3985 870 4038 Nam
888 3985 915 4038 in
932 4003 964 4040 eo
982 3985 1149 4038 consentiunt
1167 4001 1255 4038 omnes
1273 3987 1341 4039 serie
1358 3989 1398 4040 ia·

156 4050 224 4104 nihil
250 4053 285 4106 ab
314 4067 346 4105 aa
362 4052 481 4107 lectione
507 4053 638 4108 diversum
656 4071 671 4108 a
688 4055 764 4108 codd.
798 4056 927 4106 tainorum
944 4072 1038 4132 provee
1057 4053 1238 4121 coniungenda
1255 4069 1325 4120 esse,
1348 4071 1398 4108 nee

154 4118 209 4170 sais
228 4121 357 4174 enotavit
800 4137 875 4191 posse
901 4121 950 4173 niu
977 4128 1037 4192 post
1063 4121 1126 4173 haec
1147 4121 1226 4174 verbe
1252 4121 1330 4175 inseri
1351 4129 1399 4176 aut

190 4189 215 4254 ς.
236 4193 276 4241 13.
303 4205 321 4239 a
338 4189 431 4242 Pom.
449 4189 559 4260 eriasus]
596 4189 641 4242 Sic
657 4189 716 4242 edd.
738 4195 767 4242 et
799 4191 831 4242 ob
849 4191 879 4241 id
893 4207 976 4258 penus
999 4197 1046 4241 aut
1072 4191 1102 4241 id
1123 4205 1206 4257 pennu
1233 4197 1280 4244 aut
1303 4207 1396 4259 penus,

155 4251 231 4306 Hor.
250 4257 287 4320 A,
312 4263 342 4308 at
359 4255 453 4334 reliqui
471 4257 548 4310 codd.
566 4267 694 4330 quantum
712 4257 766 4311 scio
800 4256 934 4310 Snakcnb.
953 4257 983 4310 ob
1001 4259 1031 4309 id
1045 4274 1127 4325 penus
1145 4275 1276 4310 armorum
1294 4276 1397 4327 apmen,

155 4337 250 4374 omnes
267 4325 378 4377 aniam
395 4341 482 4376 minus
497 4333 578 4392 recte,
599 4325 765 4396 quoniamdo
801 4325 960 4395 Rutgersius
978 4327 1008 4377 id
1017 4342 1098 4394 penus
1110 4327 1233 4394 aporiaris,
1251 4343 1329 4396 quam
1337 4344 1399 4380 oon-

156 4387 265 4445 sinistro
283 4389 426 4446 Persarum
443 4409 527 4447 cornu
552 4410 638 4449 sermo
656 4403 710 4462 est,
735 4401 765 4448 et
800 4394 926 4448 iacturam
943 4391 1135 4447 Freinshemius
1153 4392 1191 4446 ita
1208 4395 1273 4448 citat
1290 4403 1321 4448 ut
1330 4395 1397 4449 Var-
