3350 5042
526 329 535 342 “
578 359 628 408 aa
655 357 781 410 cnsrrs
807 356 917 432 anax,
942 355 1006 424 vn,
1035 355 1076 402 aa.
1363 335 1436 408 323

193 536 353 613 eedones
379 538 416 612 in
430 550 562 616 ¹castra
586 541 804 613 referebant:
832 536 896 610 sed
920 563 988 612 nec
1012 535 1187 612 barbaros
1213 537 1338 622 fefellit
1357 537 1438 614 sub-

193 647 329 723 ductus
343 676 390 724 ex
403 653 495 724 acie:
522 651 653 748 quippe
680 673 727 722 ex
741 647 839 722 edito
867 660 990 722 monte
1016 659 1146 722 cuncta
1172 664 1440 747 prospexerant

152 759 325 858 sltaque
351 772 497 860 postero
526 759 583 831 die
611 760 738 833 misere
765 760 903 860 legatos
930 760 978 834 ad
1002 785 1135 859 regem,
1162 785 1251 857 quos
1277 761 1335 834 ille
1361 788 1441 859 pro·

195 873 295 946 tinus
322 873 425 946 iussit
450 869 600 962 admitti,
627 872 825 969 solutisque
838 874 965 963 fasciis,
991 869 1271 969 magnitudinem
1285 871 1441 944 vulneris

155 982 445 1071 cdissimulans‚
485 1006 566 1055 crus
605 983 768 1058 barbaris
809 982 977 1058 ostendit
1041 979 1095 1052 Illi
1133 981 1219 1052 insi
1258 981 1443 1056 considere

199 1094 396 1181 affirmant,
427 1117 501 1164 non
526 1091 759 1187 Macedones,
792 1119 901 1193 quam
926 1094 1023 1190 ipsos
1050 1091 1225 1164 tristiores
1251 1091 1358 1164 fiaisse
1385 1118 1441 1165 co·

198 1203 301 1301 gnito
327 1199 629 1302 vulnere⁸ipsius2
662 1205 762 1277 cuius
789 1206 820 1278 si
847 1210 1030 1278 auctorem
1055 1201 1313 1298 repperissent,
1345 1200 1442 1276 dedi·

159 1323 303 1386 rturos
341 1313 470 1406 fuisse,
511 1338 593 1387 cum
631 1311 698 1386 diis
738 1316 832 1388 enim
872 1319 1033 1412 'pugnare
1063 1313 1255 1410 sacrilegos
1288 1322 1439 1386 tantum.

157 1433 162 1443 '
203 1421 373 1506 Ceterum
386 1434 584 1521 segentem
601 1423 639 1496 in
664 1425 773 1500 fidem
799 1425 941 1517 dedere,
969 1433 1157 1524 superatos
1182 1423 1316 1496 uirtute
1341 1423 1443 1496 illius.

199 1533 297 1626 Rex,
329 1532 401 1606 fide
433 1531 520 1606 data
546 1543 584 1606 et
610 1537 763 1634 captivis,
785 1535 957 1634 receptis,
991 1542 1137 1634 gentem
1163 1534 1200 1606 in
1226 1531 1441 1616 deditionem

160 1643 346 1742 saccepit
397 1640 533 1718 Castris
558 1644 643 1719 inde
667 1648 775 1721 motis
800 1647 927 1721 lectica
950 1644 1095 1732 ,militari
1119 1645 1310 1735 ferebatur,
1336 1669 1443 1740 quam

198 1779 267 1854 pro
293 1779 332 1827 se
359 1755 509 1853 quisque
535 1780 644 1853 eques
680 1756 862 1855 pedesque
888 1757 1010 1830 subire
1035 1755 1252 1846 certabant,
1283 1752 1442 1851 Equites,

123 1863 126 1868 ’
200 1888 283 1938 cum
308 1864 438 1962 quibus
464 1891 532 1944 rex
558 1867 696 1963 proelia
718 1867 807 1941 inire
842 1869 968 1942 solitus
1003 1877 1096 1957 erat,
1132 1867 1187 1940 sui
1217 1865 1373 1938 muneris
1404 1864 1442 1938 id

200 1999 279 2050 esse
314 1976 531 2052 censebant:
566 1976 706 2074 pedites
733 1989 877 2070 contra,
911 2002 994 2052 cum
1020 1978 1159 2052 saucios
1186 1977 1442 2052 commilitones

145 2121 148 2126 ·
200 2087 269 2186 ipsi
292 2096 443 2186 gestare·
461 2087 720 2182 assuevissent‚
756 2089 844 2188 eripi
877 2089 945 2164 sibi
975 2087 1160 2188 proprium
1186 2087 1341 2160 officium
1366 2097 1444 2160 tum

165 2196 440 2295 apotissimum,
472 2223 555 2272 cum
588 2223 656 2272 rex
680 2199 878 2298 gestandus
904 2211 1017 2292 esset,
1050 2199 1300 2297 querebantur.
1352 2195 1442 2289 Rea,

199 2307 238 2380 in
263 2319 365 2384 tanto
392 2307 717 2407 utriusquepartis
750 2309 962 2401 certamine,
1002 2318 1039 2382 et
1074 2309 1141 2382 sibi
1172 2306 1366 2400 difficilem,
1407 2319 1444 2382 et

200 2419 401 2517 praeteritis
418 2445 568 2520 gravem
588 2421 799 2527 electionem
823 2422 983 2496 futuram
1007 2428 1119 2511 ratus,
1144 2419 1296 2494 invicem
1323 2418 1443 2494 subire

203 2553 266 2605 eos
291 2529 405 2606 iussit

148 2657 184 2707 1⁰
302 2639 395 2715 Hinc
420 2651 549 2740 quarto
576 2641 634 2718 die
660 2640 707 2716 ad
732 2643 859 2718 urbem
885 2637 1104 2716 Maracanda
1137 2651 1351 2740 perventum
1377 2642 1492 2716 estid

200 2773 278 2825 axx
303 2752 421 2826 stadia
445 2778 569 2829 murus
596 2755 693 2828 urbis
719 2753 963 2854 amplectitur;
989 2776 1057 2826 arx
1082 2751 1152 2824 alio
1165 2751 1318 2849 cingitur
1330 2777 1443 2827 muro.

252 2947 301 3013 ..4.
326 2945 428 3025 sp‘ellit
453 2945 595 3000 subdamur
621 2963 653 3001 ex
675 2947 740 3002 ecte.
771 2945 805 3006 In
838 2945 949 3002 verbum
970 2941 1036 2998 illud
1057 2941 1213 2998 damnantis.
1248 2943 1319 2998 Tum
1335 2944 1393 3014 iare
1409 2974 1444 2985 -

280 3010 316 3066 tia
342 3011 415 3067 bbria
441 3010 550 3069 additur
574 3031 638 3084 rea,
671 3015 718 3069 sed
744 3029 806 3081 orm
838 3015 996 3070 armaret
1021 3009 1115 3066 vitiose
1140 3009 1234 3066 otimi
1259 3010 1304 3084 qui
1324 3029 1358 3066 ue
1382 3010 1444 3066 libri

200 3079 372 3161 maquscripti
387 3097 446 3134 cam
458 3099 550 3136 vocem
564 3099 654 3136 omncs
668 3081 804 3151 omittant,
838 3081 915 3137 Laid.
929 3079 1008 3136 Voss.
1027 3087 1040 3134 1
1059 3079 1131 3134 Flor.
1175 3119 1183 3148 ‚
1205 3079 1286 3134 Bam.
1303 3029 1329 3134 d
1345 3079 1443 3134 Modii-

200 3147 397 3220 submtellrgere
405 3157 531 3222 praestat.
557 3150 710 3205 Sustulerat
726 3151 806 3206 etiam
860 3167 893 3205 ue
914 3150 1082 3204 membranae
1104 3165 1163 3202 cum
1188 3148 1245 3202 aliia
1261 3167 1296 3201 ex
1313 3147 1443 3202 deteriore

200 3215 315 3271 Medius.
840 3169 922 3275 darae
938 3217 973 3271 et'
983 3215 1069 3272 tribus
1083 3215 1216 3272 Parisinis.
1238 3215 1343 3272 Vitium
1356 3224 1443 3270 suatu-

236 3286 260 3352 5.
278 3289 302 3339 t.
337 3283 401 3339 Noa
422 3283 595 3355 Macedones,
620 3305 701 3369 qaam
723 3287 806 3357 maor.
839 3288 873 3342 lit
908 3285 989 3340 rimus
1007 3285 1106 3340 limina

201 3348 291 3423 Vulgo
308 3353 488 3422 Macedonas,
514 3356 561 3409 sed
578 3355 662 3410 launa
679 3355 806 3411 termina·
900 3360 995 3426 apto,
1013 3358 1036 3420 ξ.
1052 3361 1092 3408 10.
1118 3355 1158 3408 ad
1168 3354 1443 3408 absumeremur.

200 3419 276 3474 tione
292 3421 395 3502 codices
415 3429 444 3476 et
465 3422 583 3494 plerique
601 3433 630 3478 et
646 3423 740 3498 optimi
776 3432 807 3480 nt
840 3422 914 3505 Pleni
933 3439 968 3475 ue
985 3423 1061 3476 codd.
1079 3421 1256 3504 Monpento·
1278 3420 1347 3476 infra
1363 3440 1385 3476 c.
1400 3427 1443 3488 88,

200 3505 317 3611 sm
344 3498 510 3614 ..ura
523 3491 625 3615 ‘t
641 3463 806 3616 ntia
841 3441 1444 3614 saboranense

398 3598 404 3611 .
564 3578 614 3615 oss.
660 3601 667 3614 .
728 3579 772 3615 em
841 3579 871 3615 ιιι
1048 3578 1067 3612 n
1128 3579 1141 3614 r
1397 3598 1405 3624 ,

202 3625 332 3680 tristiores
342 3627 542 3697 suiaseomnes,
560 3631 701 3684 verborum
714 3629 808 3684 ordine
841 3577 1015 3684 Mamuciiaa
1052 3627 1101 3681 lar.
1119 3626 1182 3682 eatis
1198 3599 1355 3682 coiratmter.
1389 3627 1444 3678 Ve-

205 3691 251 3765 qui
267 3693 349 3764 vulgo
366 3701 406 3748 est
423 3704 534 3763 mutato,
552 3715 611 3751 cum
628 3697 729 3752 Medio.
842 3713 901 3752 rum
918 3695 1000 3817 ἒιίιιεΙ
1011 3646 1193 3750 Aiexandrum
1210 3693 1333 3775 odiliam
1350 3695 1445 3766 prima-

239 3763 293 3830 §.t.
319 3771 455 3832 ειφιταὶοι
472 3766 566 3819 virtute
583 3767 665 3820 illius.
696 3767 809 3822 Vulnere
843 3765 910 3819 riam
939 3765 1068 3834 ogdranae
1083 3765 1177 3818 urbem
1194 3780 1303 3831 remma,
1321 3761 1447 3834 quemad

204 3829 805 3888 illiaaBernAFlor.ABDFG11eid.Vosa.l
844 3830 958 3888 Tanaim
983 3832 1157 3886 contenderat
1184 3836 1276 3904 (supra
1300 3849 1321 3886 c.
1340 3837 1384 3899 tt)
1411 3847 1447 3884 ex

204 3895 262 3950 Pal.
282 3904 294 3951 l
314 3897 498 3967 trasPariaini,
517 3900 616 3954 utiam
633 3901 742 3956 tertium
760 3919 809 3955 nu·
843 3900 950 3955 Arriani
962 3900 1074 3954 historia
1085 3913 1130 3969 111,
1147 3906 1181 3955 80
1198 3908 1227 3953 et
1243 3899 1300 3970 ipsa
1316 3916 1345 3953 re
1362 3907 1446 3970 patet.

206 3981 293 4020 merus
315 3973 344 4019 ct
364 3966 481 4038 gravitas
502 3969 642 4023 videantur
662 3987 716 4024 non
733 3986 810 4041 posse
879 3987 931 4022 ara
953 3971 1009 4024 ulio
1031 3969 1146 4038 strepitur
1168 3986 1249 4024 maro.
1284 3967 1395 4020 Variant
1418 3975 1447 4019 et

207 4033 348 4088 contemni.
382 4034 559 4090 Nihilominus
575 4037 649 4090 illam
669 4037 810 4092 lectionem
844 4037 952 4092 addet
978 4036 1039 4091 libri
1068 4045 1180 4091 veteres.
1215 4034 1287 4090 Olim
1308 4034 1374 4088 editi
1395 4052 1446 4088 arx

206 4100 282 4156 nimie
300 4119 351 4174 ego
367 4114 489 4174 argutam
507 4122 524 4157 a
554 4122 588 4157 ne
604 4105 671 4159 adeo
691 4105 810 4179 ineptam
843 4107 928 4174 tunc,
946 4104 1037 4176 scripti
1053 4105 1192 4176 pertimet
1206 4103 1255 4175 ipsi
1271 4104 1355 4170 illinc,
1372 4101 1447 4158 Laid.

206 4169 342 4240 exbtimo,
369 4190 447 4244 quam
464 4181 496 4226 ut
512 4114 641 4228 aquurtio
662 4173 810 4245 profectam
845 4174 949 4229 Vosal
969 4173 1084 4228 Bem.A
1102 4173 1248 4228 Peristrea
1265 4169 1447 4240 FlanDFGi,

206 4247 306 4310 putem.
846 4243 944 4312 partim
961 4243 1018 4296 illic
1034 4245 1110 4295 Vasa
1128 4247 1143 4296 t
1163 4239 1280 4295 BernB
1297 4239 1368 4295 Plor.
1382 4239 1448 4306 ΒΗ,

241 4309 266 4376 ξ.
283 4313 307 4362 8.
336 4309 441 4379 pedites
463 4319 563 4378 contro,
586 4327 652 4364 cam.
692 4307 811 4364 Mediam
844 4312 944 4380 partim
961 4312 1034 4364 illias
1051 4307 1122 4364 Flor.
1140 4307 1223 4364 ABG.
1258 4307 1334 4363 Haec
1360 4308 1448 4362 omnia

120 4384 121 4387 ’
206 4391 297 4430 rocem
314 4375 812 4446 nonhabentslor.1)m1‚tuentur
845 4388 908 4432 aunt
929 4397 1010 4446 vana3
1035 4375 1125 4432 Iunius
1141 4376 1240 4450 primus
1261 4379 1333 4432 nullo
1355 4375 1447 4442 edidit,

206 4443 288 4512 ceteri
304 4443 380 4515 libri,
408 4447 481 4518 quod
497 4446 582 4502 Medii
605 4463 684 4502 causa
700 4454 811 4518 annoto,
846 4445 911 4502 mihi
924 4456 953 4502 et
965 4447 1000 4501 ad
1016 4445 1154 4502 literarum
1170 4447 1278 4501 ductum
1295 4445 1374 4500 etad
1389 4461 1447 4498 aen·

1207 4531 1261 4586 21·
