3324 5054
496 315 502 327 .
534 275 584 323 na
612 273 740 324 ousrrs
767 273 877 324 Anax.
904 275 955 344 1v,
980 275 1024 326 ao.
1337 255 1385 330 95

138 475 267 552 metus,
294 487 367 534 non
395 487 478 560 spes
505 464 601 534 elicit
627 461 764 554 vocem,
792 489 864 560 qua
888 464 1090 562 prodantur
1117 471 1264 542 occulta
1318 467 1388 543 Ve-

99 579 101 582 ’
138 589 197 648 tus
225 571 414 668 disciplina
439 597 566 670 regum
592 575 774 653 silentium
800 577 897 649 vitae
915 577 1074 674 periculo
1093 589 1271 648 sanxerat.
1309 579 1389 652 Lin-

137 709 210 782 gua
235 683 382 778 gravius
411 684 617 782 castigatur,
636 711 744 783 quam
771 688 884 758 ullum
910 687 1102 782 probrum:
1130 711 1196 760 nec
1221 711 1389 784 magnam

136 817 214 864 rem
246 793 416 865 sustineri
448 820 555 892 posse
588 797 742 871 credunt
774 797 820 867 ab
854 821 914 885 e0‚
951 797 1007 868 cui
1040 807 1159 870 tacere
1191 823 1302 896 grave
1330 801 1386 889 sit,

138 901 236 1000 quod
262 903 398 976 homini
425 905 631 978 facillimum
657 905 814 979 voluerit
840 929 920 978 esse
947 917 1086 977 natura.

45 1059 50 1067 -
105 1035 119 1079 r
242 1010 300 1086 Ob
333 1016 427 1088 hanc
458 1039 604 1088 causam
629 1014 840 1089 Alexander
871 1019 1046 1106 omnium,
1082 1043 1173 1114 quae
1204 1017 1301 1116 apud
1327 1019 1439 1091 horo

137 1135 232 1198 stem
257 1137 480 1226 gererentur,
506 1125 665 1222 ignams,
691 1125 818 1198 urbem
846 1122 982 1200 Gazam
1007 1127 1219 1210 obsidebat,
1259 1127 1387 1202 Praee-

136 1249 195 1310 rat
219 1239 301 1311 urbi
336 1237 457 1325 Betis,
492 1235 645 1308 eximiae
679 1237 717 1307 in
752 1261 875 1334 regem
909 1261 1014 1309 suum
1040 1237 1142 1332 fidei,
1177 1237 1390 1335 modicoque

104 1349 317 1447 apraesidio
343 1371 467 1419 muros
493 1347 648 1444 ingentis
675 1348 794 1444 operis
822 1347 1001 1419 tuebatur.
1040 1347 1258 1438 Alexander,
1285 1351 1389 1422 aesti-

136 1472 237 1533 mato
262 1459 426 1531 locorum
452 1458 534 1549 situ,
561 1458 620 1556 agi
647 1458 831 1530 cuniculos
858 1459 971 1547 iussit,
993 1458 1086 1529 facili
1113 1483 1155 1531 aa
1182 1459 1251 1532 levi
1278 1459 1388 1532 humo

136 1577 350 1666 acceptante
376 1569 557 1640 occultum
583 1593 685 1666 opus,
700 1569 834 1666 quippe
860 1557 1011 1640 multam
1036 1569 1207 1642 harenam
1233 1571 1389 1643 vicinum

136 1705 238 1753 mare
264 1681 419 1770 evomit,
446 1703 513 1752 nec
540 1703 632 1751 saxa
657 1689 844 1776 cotesque,
877 1704 970 1776 quae
995 1681 1223 1777 interpellent
1248 1705 1388 1779 specus,

105 1791 296 1864 substant
354 1789 471 1890 Igitur
505 1791 550 1862 ab
586 1815 630 1863 ea
662 1801 785 1888 parte,
828 1815 936 1886 quam
972 1789 1142 1888 oppidani
1182 1793 1388 1888 conspicere

134 1928 211 1974 non
238 1912 399 2000 possent,
426 1925 517 2000 opus
545 1925 661 1990 orsus,
687 1911 730 1972 ut
755 1926 779 1973 a
805 1925 914 1973 sensu
941 1901 1017 1973 elus
1044 1911 1242 1992 ¹averteret,
1269 1911 1387 1976 turres
1411 1961 1417 1966 Δ

134 2015 250 2085 muris
277 2012 464 2085 admoveri
491 2012 600 2084 iubet
655 2007 728 2084 Sed
754 2011 882 2084 eadem
913 2011 1044 2083 humus
1070 2011 1257 2084 movendis
1283 2013 1402 2086 inutir
1429 2055 1434 2068 ·

75 2153 78 2159 ’
136 2122 180 2193 lis
207 2122 381 2211 turribus,
395 2121 582 2196 desidente
609 2122 737 2196 sabulo
764 2123 962 2220 agilitatem
988 2131 1149 2194 rotarum
1170 2123 1387 2214 morabatur,

70 2247 72 2252 '
137 2243 176 2308 et
211 2233 377 2306 tabulata
412 2234 565 2306 turrium
597 2233 863 2332 perfiingebat,
897 2233 1071 2328 multique
1107 2232 1390 2305 vulnerabantur

138 2343 297 2440 impune,
325 2343 529 2417 cumidem
555 2343 769 2442 recipiendis
796 2345 857 2442 qui
892 2341 1128 2415 admovendis
1154 2342 1312 2414 turribus
1338 2343 1387 2415 la

91 2473 121 2519 10
136 2443 207 2528 bor
243 2478 306 2526 eos
342 2455 520 2552 fatigaret.
573 2453 672 2554 Ergo
698 2453 860 2552 receptui
887 2453 990 2548 signo
1017 2451 1122 2540 dato,
1157 2461 1303 2549 postero
1330 2452 1388 2528 die
1422 2473 1428 2480 ·

137 2588 264 2637 muros
291 2588 427 2636 corona
457 2564 669 2636 circumdari
702 2564 816 2636 iussit.
871 2559 1033 2658 Ortoque
1060 2564 1153 2653 sole,
1181 2562 1389 2660 priusquam

171 2853 198 2914 S.
218 2853 244 2901 G.
278 2865 403 2916 maqnam
422 2849 633 2920 remeantium]
665 2847 750 2902 Addl-
785 2867 836 2908 τις,
856 2853 970 2922 κρατῶν
982 2849 1173 2910 τῆςΓαζαίων
1186 2844 1304 2904 πόλεως.
1322 2848 1389 2903 Dio·

136 2923 184 2968 tur
206 2915 237 2997 in
258 2915 305 2998 edi⁸
316 2956 324 2968 .
346 2914 428 2996 priua
459 2923 488 2968 et
514 2916 647 2988 plerisque
666 2917 749 2998 codd.
785 2916 866 2969 doma
885 2916 952 2969 banc
968 2914 1094 2968 historiae
1111 2923 1214 2985 partem
1231 2917 1390 2996 contrahens

136 2983 518 3106 tttt'lmttttl
527 2983 751 3123 ‘llltttfft‘gl
784 2983 890 3119 mill.
905 2983 1134 3104 ”ttldtta
1152 3053 1241 3104 aaa
1289 3011 1389 3107 omne

137 3121 229 3174 nescio
247 3119 311 3192 quid
327 3137 360 3174 co
377 3120 483 3187 faciam,
511 3139 571 3174 nam
588 3121 616 3174 ni
634 3130 749 3192 ponmur
785 3119 847 3172 libri
873 3139 934 3174 mss.
963 3137 1078 3172 eumaeus
1109 3137 1158 3190 pro
1193 3135 1240 3172 ver
1305 3119 1388 3176 finito.

137 3207 188 3260 pro
205 3190 323 3258 amplius
340 3187 393 3241 ie.
411 3197 512 3259 postea,
529 3191 601 3260 quod
620 3190 677 3242 fieri
694 3208 748 3243 non
783 3187 840 3240 Iam
920 3189 970 3242 icet
999 3187 1093 3310 alippa
1126 3206 1187 3240 num
1222 3188 1388 3259 participium

137 3275 216 3328 posse
234 3266 310 3328 puto,
328 3256 490 3310 sententiam
507 3267 666 3328 corrumpet
691 3257 747 3310 Ita·
783 3256 861 3310 aubin
909 3265 969 3311 ecto
998 3273 1045 3309 ver
1106 3256 1180 3310 finito
1206 3257 1264 3326 capi
1290 3258 1386 3328 possim

136 3342 190 3396 que
216 3325 380 3396 reliquorum
406 3326 528 3397 exemplo
563 3326 667 3394 delevi,
701 3327 748 3379 sed
783 3325 855 3378 aliud
878 3326 948 3378 enim
974 3324 1037 3378 nibil
1067 3323 1151 3377 video.
1192 3325 1259 3378 Mox
1284 3328 1387 3380 obstant

137 3403 202 3448 utor
225 3393 307 3446 etiem
324 3393 405 3446 Bern.
424 3395 450 3445 Δ
476 3403 505 3448 et
522 3393 593 3448 Flor.
612 3394 634 3448 C
653 3405 747 3448 aucto-
783 3393 854 3446 edidi
880 3393 1019 3464 plerosque
1041 3402 1144 3446 veteres
1174 3393 1254 3448 libros
1280 3403 1387 3450 secutus

136 3463 230 3515 riute
861 3463 934 3515 vul.
970 3463 1114 3515 obstabant.
1161 3461 1246 3516 Miror
1277 3463 1327 3516 hoc
1358 3463 1386 3516 iu

173 3530 245 3601 Cep.
262 3537 306 3594 26,
325 3533 349 3598 §-
364 3537 387 3582 7.
406 3531 495 3583 urbem
515 3531 629 3598 Gazam]
647 3530 747 3584 Mirum
781 3479 854 3583 llis
882 3480 932 3583 Ab
960 3530 1095 3582 inventum
1122 3545 1191 3594 esse,
1222 3548 1281 3584 cum
1311 3529 1386 3584 Laid.

137 3599 218 3720 unod.
235 3598 317 3652 Snak.
335 3597 429 3663 tradit,
446 3597 474 3651 in
491 3599 674 3669 manuscriptis
691 3616 748 3653 esse
783 3601 891 3654 Vosal
920 3599 1000 3652 Bcrn.
1020 3600 1044 3650 Α
1067 3615 1127 3651 curu
1154 3597 1261 3668 reliquis
1284 3601 1386 3652 obstant

167 3685 245 3720 azan
260 3667 328 3720 sicut
345 3666 439 3719 edidit.
472 3666 531 3736 Ego
547 3667 575 3720 in
593 3667 658 3721 mels
675 3667 748 3722 libris
783 3667 944 3738 praeferant

139 3735 205 3788 nibil
222 3735 351 3788 eiusmodi
374 3735 421 3788 sed
441 3735 584 3789 scribarum
603 3736 748 3790 aberratio-
818 3739 843 3802 s.
863 3743 886 3789 9.
913 3737 1045 3788 allevandis
1063 3737 1168 3788 inutiles
1186 3735 1315 3806 turribus]
1342 3733 1388 3790 Sic

138 3821 200 3857 nem
212 3804 319 3857 Garum
332 3802 490 3856 enonnullis
503 3813 639 3857 enotatam
653 3804 748 3868 inveni,
783 3822 834 3874 pro
865 3805 1033 3857 admovendis
1066 3803 1146 3856 Ber-n.
1177 3811 1290 3873 uterquc
1315 3801 1387 3856 Flor.

139 3871 358 3926 sacratissimam
403 3872 748 3926 ''tarumformaminduxe-
783 3871 915 3926 ABCDH
942 3880 970 3924 ct
996 3871 1020 3924 F,
1046 3887 1063 3922 a
1089 3871 1173 3942 prima
1199 3889 1294 3936 numu,
1321 3871 1386 3924 item

139 3941 197 3994 rim.
242 3939 295 3993 sed
322 3959 339 4010 p
384 3958 403 3993 o
429 3949 491 4009 post
516 3957 606 3994 omnes
633 3941 692 3995 libri
720 3947 749 4010 (a
783 3939 858 3994 leid.
876 3944 952 3994 Voce.
973 3948 983 3992 1
1004 3948 1033 3992 et
1049 3947 1075 3992 2.
1110 3939 1177 3993 Post
1199 3957 1248 4010 pro
1265 3941 1388 3994 moroba-

139 4027 255 4080 quorum
272 4025 401 4062 consensu
419 4026 500 4060 unum
524 4009 601 4063 Voss.
625 4017 637 4062 1
657 4027 748 4064 errore
783 4021 827 4062 tur
846 4009 872 4062 ln
891 4009 971 4062 Ber-n.
990 4017 1116 4078 utroque,
1144 4008 1213 4060 Flor.
1237 4007 1339 4062 ΑΒΟΗ
1357 4017 1387 4061 et

139 4081 234 4131 some
259 4083 338 4148 puto)
364 4087 492 4146 praeerat
519 4079 595 4130 urbi:
626 4079 685 4130 edd.
713 4080 747 4145 ei,
783 4077 857 4130 Leid.
887 4077 965 4131 Voss.
990 4084 1044 4128 l.2
1077 4087 1192 4142 onorata,
1227 4076 1296 4129 Flor.
1320 4075 1346 4130 G
1370 4094 1386 4129 a

139 4146 243 4201 aorlioet
258 4146 388 4199 defluus
405 4162 482 4198 aures
500 4165 553 4200 non
571 4147 693 4200 forebant
705 4163 747 4199 re-
782 4165 823 4217 pr.
842 4164 876 4198 m.
895 4155 1026 4212 moratur,
1049 4163 1115 4198 corr.
1137 4146 1288 4198 morabatur
1309 4155 1341 4198 ut
1358 4144 1385 4198 in

140 4215 306 4285 petitionem.
783 4215 831 4267 rel.
849 4213 871 4266 F
873 4213 921 4267 lor.

174 4285 263 4356 Betis]
282 4281 425 4338 Hominem
443 4285 747 4349 voeatArrian.11,25
818 4287 844 4349 s.
872 4290 912 4336 10.
942 4293 1048 4352 postero
1072 4283 1126 4353 die]
1163 4283 1238 4337 Unus
1264 4281 1334 4335 Flor.
1363 4280 1386 4335 C

141 4351 247 4406 Balita:
274 4351 411 4418 εὐνοῦχός
427 4371 478 4418 τις,
495 4343 519 4420 ᾧ
536 4355 630 4420 ὄνομα
644 4345 679 4418 ἦν
688 4353 747 4406 Boi-
777 4363 897 4422 postera.
