3260 5042
688 375 906 430 Pmrfflo.
1353 375 1420 426 XXI

177 568 381 656 propagata
407 559 516 632 etiam
542 555 774 651 Brunsvigae‚
801 557 862 629 ubi
888 556 979 630 liber
1004 557 1282 647 describebatur,
1308 557 1419 631 homi·

179 709 269 757 num
311 697 449 758 mentes
485 707 508 753 a
539 682 636 778 pacis
676 683 828 781 negotiis
869 683 915 756 ud
956 684 1169 760 discordiam
1203 685 1419 780 bellicosque

180 793 357 887 tumultus
393 833 583 906 rerumque
618 833 763 883 suarum
802 811 1035 886 diffidentiam
1080 823 1257 885 avocaret.
1315 809 1348 882 N
1352 836 1419 883 unc

180 941 300 1038 igitur,
327 937 445 1035 quiete
472 937 696 1034 aliquatenus
722 940 898 1026 restituta,
926 964 1008 1012 cum
1033 938 1151 1012 denuo
1178 939 1280 1035 quasi
1305 936 1416 1011 umbi·

180 1069 271 1140 licus
296 1065 380 1136 huic
406 1065 510 1162 operi
523 1064 759 1162 imponendus
786 1077 852 1156 est,
876 1067 1069 1138 infaustam
1095 1067 1187 1139 hanc
1213 1063 1419 1162 opportuni·
1507 1127 1511 1136 .

181 1203 296 1265 tatem
332 1193 620 1291 praetermittere
659 1217 733 1264 non
772 1218 920 1291 possum
960 1194 1044 1291 quin
1088 1194 1224 1290 aliquot
1259 1194 1419 1264 locorum

182 1317 451 1392 emendationes
488 1318 556 1391 hoc
585 1319 666 1390 loco
702 1319 932 1418 subiungam,
971 1346 1060 1415 quas
1092 1322 1148 1392 vir
1180 1319 1323 1407 doctus,
1360 1318 1420 1415 qui

179 1447 370 1547 gymnasio
399 1441 717 1546 Guelpherbyteno
740 1458 893 1544 praeest,
930 1437 1212 1547 Jusue'Jeepius
1236 1447 1274 1518 in
1300 1445 1420 1518 Anna·

181 1574 278 1648 libus
297 1572 519 1646 scholasticis
543 1573 589 1647 ab
602 1570 863 1671 Hcydemunno
879 1573 1129 1648 etMuetzellio
1141 1573 1297 1648 Berolini
1316 1571 1421 1645 editis

182 1699 268 1774 anni
300 1701 395 1774 1848
415 1725 498 1798 pag.
525 1702 599 1773 416
628 1725 704 1797 sqq.
732 1701 799 1772 sub
826 1701 921 1774 idem
946 1702 1034 1776 illud
1054 1715 1196 1802 tempus
1224 1699 1420 1799 proposuit

72 1841 77 1848 '
287 1825 365 1901 Lib.
397 1849 437 1900 1v
469 1852 546 1926 cap.
575 1830 657 1918 l-§.
687 1829 707 1900 6
735 1827 828 1902 bene
854 1829 995 1903 coniicit
1020 1857 1086 1930 pro
1113 1844 1156 1904 eo
1192 1827 1289 1927 quod
1316 1825 1420 1916 ¹edidi

134 1955 139 1964 ’
183 1953 340 2030 dinisam
364 1971 497 2030 monere
523 1938 656 2054 [arbim]
682 1969 857 2056 coepertum
887 1958 1026 2031 abiecto
1052 1958 1173 2056 spurio
1199 1957 1312 2031 verbo
1338 1955 1421 2028 seri·

182 2081 344 2157 bendum
370 2108 450 2156 esse
476 2084 609 2158 dimtbei
632 2109 712 2159 meae
736 2108 866 2159 monere
891 2099 1073 2184 coeperunt.
1169 2133 1170 2136 =

288 2210 348 2285 lib.
375 2232 416 2284 1v
443 2236 519 2309 cap.
547 2215 594 2284 21
623 2220 654 2303 5.
686 2216 705 2284 1
732 2237 799 2311 pro
826 2210 988 2286 codicum
1014 2215 1190 2312 scriptura
1219 2213 1326 2287 dotem
1341 2215 1421 2313 sore

183 2335 436 2438 corrigendum
468 2349 573 2437 putat
607 2340 714 2414 dotem
744 2343 870 2442 efferre,
906 2367 1059 2439 quocum
1085 2340 1322 2416 Accusativus
1348 2363 1421 2412 cen-

182 2479 307 2542 lentum
332 2469 409 2541 sine
435 2467 685 2566 supplemento
710 2466 879 2542 Modiano
911 2495 948 2543 se
968 2473 1048 2572 fore
1082 2479 1179 2542 recte
1212 2468 1293 2540 coit.
1348 2463 1420 2539 Sed

182 2593 283 2694 quod
309 2595 436 2670 eodem
462 2596 579 2694 capite
605 2598 680 2686 §.3
708 2597 825 2696 affeetu
851 2607 955 2695 putat
972 2597 1083 2670 careri
1110 2621 1225 2694 posse,
1252 2595 1421 2691 quoniam
1529 2627 1532 2636 ·

182 2733 354 2798 neutrum
388 2747 503 2824 genus
538 2723 797 2798 adiectivorum
837 2726 936 2798 inane
967 2750 1007 2800 ae
1035 2723 1164 2824 puerile
1203 2721 1320 2796 mentis
1355 2745 1420 2818 pro
1506 2797 1509 2802 .

182 2853 328 2926 nomine
346 2852 572 2927 substantivo
592 2853 740 2944 dicatur,
768 2851 941 2925 difficilius
968 2855 1151 2952 probatur.

289 2981 349 3052 lib.
376 3002 417 3052 vr
442 3005 520 3078 cap.
547 2983 593 3054 21
615 2979 646 3055 S.
668 2985 715 3056 10
733 3007 800 3081 pro
817 2982 949 3056 Aldina
975 2983 1151 3081 scriptura
1176 2991 1283 3054 tecuae
1308 3001 1421 3051 merae

181 3110 330 3210 pretium
356 3109 519 3205 proxime
540 3110 650 3184 libros
672 3123 813 3186 veteres
831 3112 1092 3210 manuscriptos
1118 3135 1182 3210 qao
1208 3107 1341 3182 taudem
1366 3130 1421 3181 ore

184 3235 379 3339 legendum
405 3247 502 3311 recte
528 3239 687 3313 coniecit

289 3366 348 3440 lib.
374 3389 429 3438 vn
455 3391 531 3466 cup.
561 3370 607 3441 21
636 3376 668 3458 §-
698 3370 744 3440 16
776 3367 864 3441 illud
889 3368 1006 3466 ipsum
1032 3365 1129 3466 quod
1160 3363 1343 3463 expectari
1378 3389 1421 3436 eo

186 3499 268 3570 loco
296 3493 371 3568 dixi
398 3495 459 3596 qui
482 3521 601 3595 cymen
626 3497 820 3572 elezudebuat
852 3498 967 3571 inesse
1008 3499 1043 3570 in
1079 3494 1241 3568 codicum
1272 3491 1421 3564 nonnul·

185 3627 306 3698 lorum
337 3624 515 3723 scriptura
545 3625 720 3716 deluebant,
754 3625 783 3697 si
816 3626 992 3698 scribatur
1023 3624 1194 3700 eludebant
1227 3619 1424 3720 prudenter

185 3753 381 3826 existimat
1325 3839 1327 3852 Ι

291 3880 351 3954 lib.
377 3902 433 3953 vn
458 3905 534 3979 cap.
563 3883 610 3954 31
642 3889 673 3972 §.
702 3883 749 3954 28
777 3883 812 3956 in
838 3883 916 3956 loco
943 3882 1174 3956 dubitationis
1205 3879 1311 3976 pleno
1339 3877 1422 3972 seri·

185 4009 346 4085 bendum
386 4009 574 4108 proposuit
606 4009 684 4084 Rex
718 4012 815 4086 iussit
847 4037 922 4086 eum
955 4011 1115 4108 confidere
1135 4011 1292 4113 felicitati
1324 4037 1422 4086 neue:

174 4139 308 4242 satalia
332 4139 398 4214 sibi
421 4139 469 4213 ad
490 4139 634 4239 plemam
660 4141 832 4214 concedere
858 4141 944 4230 deoc,
977 4153 1013 4214 ct
1027 4141 1156 4241 satalia
1182 4139 1228 4215 de
1260 4141 1422 4212 tristibus

185 4269 284 4344 extis
311 4267 419 4365 paulo
447 4277 531 4340 ante
557 4269 842 4342 commemoratis
869 4269 1041 4365 intelligit.

293 4396 421 4468 lib.1x
447 4421 524 4494 cap.
553 4399 574 4467 2
603 4405 634 4486 §.
668 4403 685 4468 1
715 4399 947 4496 pronomine
975 4398 1061 4473 Poro
1088 4397 1298 4471 adverbium
1318 4421 1425 4495 porro

185 4524 415 4602 reddendum
441 4524 577 4598 auctori
604 4535 735 4598 censet.
1287 4540 1293 4548 ·
