3258 5120
561 339 610 388 nn
637 339 764 392 ensrrs
791 341 900 398 Anax.
928 342 965 408 x,
988 337 1029 386 rr.
1105 311 1106 314 '
1334 319 1406 388 507

129 525 263 595 'dere
316 519 365 594 Et
391 523 474 617 quia
499 525 684 598 oculorum
716 522 882 595 cessabat
906 547 1010 611 usus,
1044 522 1205 594 fremitus
1231 544 1409 618 vocesque

147 633 314 705 auribus
341 634 546 730 captabant,
573 660 616 706 ac
642 635 849 731 plerumque
876 657 970 704 vano
994 642 1092 704 metu
1119 634 1232 704 territi
1259 657 1323 729 per
1348 632 1410 703 ob·

149 767 291 815 scuras
318 744 480 834 semitas,
513 745 603 818 alius
636 744 693 815 alii
721 753 965 828 occursantes,
1005 743 1156 814 invicem
1188 742 1344 838 suspecti
1369 765 1411 812 ac

86 876 124 920 ιι
152 854 309 927 solliciti
344 857 560 929 ferebantur.
614 855 760 940 Persae,
796 854 906 924 comis
934 879 999 925 suo
1035 879 1134 926 more
1161 852 1339 940 detonsis,
1374 852 1411 920 in

154 966 312 1061 lugubri
338 979 455 1055 veste,
490 989 571 1037 eum
598 964 806 1060 coniugibus
833 989 876 1034 ac
902 964 1037 1052 liberis,
1072 991 1143 1036 uon
1171 976 1212 1037 ut
1238 965 1411 1035 victorem

154 1087 201 1148 et
229 1077 340 1150 modo
375 1078 533 1164 hostem,
574 1075 638 1146 sed
665 1086 705 1148 ut
743 1076 859 1172 gentis
900 1099 985 1147 suae
1021 1076 1252 1147 iustissimum
1291 1097 1411 1170 regem

155 1211 256 1260 vero
290 1186 466 1260 desiderio
507 1185 688 1283 lugebant
754 1185 901 1257 Assueti
936 1185 1003 1257 sub
1036 1210 1121 1283 rege
1156 1187 1294 1273 vivere,
1336 1207 1410 1256 non

156 1291 296 1388 alium,
331 1297 391 1393 qui
418 1296 610 1392 imperaret
635 1298 736 1395 ipsis,
769 1295 968 1392 digniorem
999 1296 1108 1368 fuisse
1139 1295 1410 1368 confitebantur.

99 1429 136 1477 rs
271 1407 345 1480 Nec
378 1409 489 1479 muris
525 1408 623 1480 urbia
664 1408 780 1481 luctus
813 1407 1079 1495 continebatur,
1112 1406 1179 1480 sed
1210 1406 1461 1502 proximaml'l

159 1520 351 1617 regionem
377 1519 424 1590 ab
451 1543 503 1608 ea,
530 1517 659 1592 deinde
685 1543 852 1616 magnam
878 1529 1019 1616 partem
1040 1518 1149 1592 Asiae
1176 1519 1226 1590 cis
1252 1515 1411 1614 Euphra·

105 1650 140 1698 rs
161 1640 231 1702 ten
257 1629 350 1701 tanti
375 1630 461 1702 mali
486 1629 582 1700 fama
607 1643 824 1725 pervaserat.
877 1629 936 1701 Ad
959 1627 1067 1702 Darei
1094 1653 1235 1725 quoque
1262 1635 1413 1699 matrem

162 1741 332 1814 celeriter
357 1740 497 1838 perlata
521 1749 587 1812 est
639 1738 792 1812 Abscisa
818 1765 904 1837 ergo
930 1750 1049 1830 veste,
1076 1765 1147 1836 qua
1173 1738 1299 1811 induta
1325 1747 1413 1826 erat,

162 1852 358 1949 lugubrem
380 1851 543 1947 sumpsit,
568 1851 804 1946 laceratisque
829 1850 1101 1922 crinibus-humi
1128 1873 1257 1946 corpus
1276 1849 1414 1921 abiecit

108 1980 146 2028 ao
165 1959 366 2034 Assidebat
393 1961 424 2034 ei
451 1961 566 2034 altera
590 1986 638 2034 ex
663 1961 841 2058 neptibus,
868 1985 983 2059 nuper
1008 1962 1179 2034 amissum
1204 1958 1415 2058 Hephaesti-

168 2097 293 2158 onem,
321 2071 377 2144 cui
402 2081 591 2168 nupserat,
627 2073 767 2170 lugens,
799 2072 1033 2169 propriasque
1060 2094 1187 2143 causas
1219 2069 1352 2144 doloris
1378 2071 1416 2142 in
1469 2055 1473 2064 “

114 2202 147 2250 21
168 2183 352 2257 communi
377 2181 556 2255 masadda
582 2183 810 2257 retractabat.
863 2179 935 2256 Sed
961 2182 1119 2256 omnium
1150 2205 1296 2254 suorum
1322 2182 1416 2254 mala

171 2291 394 2393 Sisygambis
425 2318 499 2366 una
533 2292 707 2391 capiebat
759 2292 824 2365 Illa
859 2318 979 2385 suam,
1013 2294 1073 2367 illa
1106 2291 1267 2388 neptium
1300 2291 1415 2364 vicem

170 2405 291 2478 flebat.
345 2405 481 2478 Recens
509 2403 612 2478 dolor
637 2404 744 2478 etiam
770 2406 964 2502 praeterita
988 2409 1233 2478 revocaverat
1286 2398 1415 2476 Crede·

172 2541 229 2590 res
256 2515 364 2590 modo
391 2517 562 2590 amissum
578 2513 747 2604 Dareum,
774 2525 811 2588 et
836 2517 970 2614 pariter
995 2515 1147 2588 miserae
1174 2511 1326 2586 duorum
1349 2512 1415 2592 fili-

174 2652 276 2700 orum
304 2627 474 2726 exequias
501 2651 581 2700 esse
603 2625 795 2699 ducendas.
834 2626 962 2701 Flebat
987 2626 1092 2700 simul
1113 2633 1274 2697 mortuos
1300 2623 1418 2695 vivos·

111 2757 157 2806 ¹aa
176 2763 252 2836 que.
307 2735 422 2827 Quem
456 2739 559 2816 enim,
586 2738 784 2836 puellarum
816 2749 981 2812 acturum
1016 2760 1095 2809 esse
1131 2733 1274 2806 curam?
1309 2759 1418 2832 quem

175 2851 281 2923 aliurn
307 2851 468 2923 futurum
493 2848 765 2924 Alexandmm?
792 2850 922 2922 iterum
949 2873 1029 2922 esse
1055 2869 1094 2918 se
1120 2855 1262 2942 captas,
1288 2845 1417 2918 iterum
1522 2899 1525 2908 .

80 3116 82 3122 ,
210 3071 232 3135 ξ.
256 3075 295 3121 lt.
327 3086 348 3138 p
505 3067 585 3137 vano]
630 3065 701 3120 Flor.
727 3065 776 3119 AB
847 3069 871 3132 §-
896 3072 937 3119 m.
975 3066 1088 3118 Abscisa
1118 3080 1179 3131 erpo
1205 3065 1282 3130 veste]
1326 3061 1417 3133 Vulgo

175 3137 322 3206 plenasque
344 3138 401 3205 qui,
464 3135 499 3188 id.
517 3135 629 3190 Vosal
656 3135 735 3188 Bam.
753 3134 778 3186 A
813 3135 940 3187 abscissa.
977 3132 1018 3188 Cs.
1035 3134 1069 3186 sd
1087 3147 1130 3197 111,
1149 3137 1191 3197 29,
1210 3136 1252 3182 25.

176 3207 322 3276 pleramque
339 3221 414 3276 quae.
848 3206 871 3270 ᾖ.
890 3209 933 3256 20.
966 3204 1052 3256 numu
1078 3219 1109 3254 ez
1132 3218 1149 3251 n
1182 3199 1259 3264 abus]
1295 3197 1380 3259 Multi,
1391 3205 1419 3252 et

211 3275 365 3340 ursotticr'til
384 3271 429 3326 Sic
437 3289 527 3326 omnes
537 3271 628 3326 nostri.
645 3271 734 3393 Vulffi
747 3282 779 3325 et.
814 3270 876 3324 boui
908 3270 969 3324 libri
996 3270 1067 3324 Flor.
1093 3269 1142 3348 AB
1199 3265 1272 3318 Leia
1300 3265 1375 3320 Voss.
1403 3275 1415 3320 1

212 3347 283 3407 §.lt
310 3343 389 3394 comis
407 3359 454 3393 tuo
471 3359 541 3394 more
559 3342 685 3407 detonsis]
734 3340 779 3393 dd.
814 3339 901 3409 Bong.
928 3341 1077 3408 nepotibus,
1105 3355 1131 3388 m
1158 3335 1227 3388 Dan.
1254 3333 1351 3402 (Bern.
1377 3334 1418 3399 A)

181 3417 241 3462 vett
259 3419 288 3463 et
313 3409 415 3462 codices
438 3408 501 3462 olim
527 3408 619 3462 collati
644 3410 779 3462 conmisso
815 3408 893 3462 litem
910 3425 925 3460 o
943 3416 1045 3478 puncto
1062 3411 1195 3458 notatur.'
1218 3401 1313 3473 Neque
1330 3411 1419 3473 potest

182 3495 252 3531 more.
288 3476 449 3530 Emendarit
467 3475 614 3530 Palmarius
630 3477 702 3547 apud
719 3477 779 3530 Mo·
813 3475 852 3529 sic
870 3475 977 3528 defendi
994 3484 1025 3528 ut
1042 3474 1159 3528 dicamus
1181 3481 1284 3540 nepotes
1302 3488 1419 3525 commu·

183 3545 256 3599 dium.
288 3545 444 3617 Equatuor
470 3553 573 3598 tantum
598 3544 670 3598 Flor.
688 3543 780 3598 FGlll
814 3545 885 3597 niter
911 3543 964 3597 dici
990 3543 1024 3596 de
1050 3551 1131 3612 nepte
1158 3549 1187 3594 et
1211 3547 1310 3610 nepote
1341 3556 1418 3610 quern
1516 3569 1518 3574 v

183 3623 208 3667 et
223 3622 336 3685 utroque
353 3614 434 3667 Bern.
462 3616 596 3667 conrmisso
619 3631 689 3666 more
717 3611 779 3667 mibi
816 3612 896 3666 Darei
920 3611 1001 3665 lilium
1025 3627 1113 3665 secum
1128 3607 1229 3674 babuit,
1249 3625 1309 3662 nam
1324 3617 1420 3662 auctor

184 3690 313 3748 enotutur,
341 3682 414 3735 utin
432 3681 540 3750 reliquis
568 3681 689 3735 extitisse
706 3681 780 3735 vide·
814 3699 874 3734 cum
892 3680 960 3732 dixit
986 3683 1087 3747 alteru,
1114 3681 1148 3732 de
1166 3676 1311 3731 Alexandri
1336 3693 1420 3731 uxore

184 3761 237 3803 atur
254 3752 325 3822 quod
343 3749 489 3803 Palmerius
507 3757 581 3803 recte
598 3749 753 3803 coniecerat.
817 3751 919 3802 Statim
929 3748 986 3802 sine
1002 3748 1084 3802 dubio
1098 3745 1233 3817 cogitavit.
1261 3745 1420 3799 Mendosum

214 3839 268 3879 cum
286 3821 438 3889 coniuqttus
455 3817 554 3887 primus
572 3817 657 3872 edidit
666 3817 780 3880 Medius,
815 3817 879 3870 item
897 3819 1030 3887 estquod
1048 3816 1075 3869 in
1093 3815 1166 3870 libris
1186 3815 1281 3868 nostris
1298 3824 1327 3867 et
1339 3813 1419 3868 Snalr.

185 3887 244 3940 sicut
261 3887 351 3940 lunius
369 3888 396 3940 iu
413 3887 533 3956 margine
548 3894 664 3950 notarat,
682 3886 708 3940 in
728 3886 781 3956 pri·
816 3885 937 3938 omnibus
958 3885 1055 3952 legitur
1071 3886 1260 3948 retractabunt,
1280 3901 1340 3936 nam
1355 3881 1420 3935 illud

185 3955 266 4010 oribus
284 3956 360 4010 editt.
379 3965 407 4008 et
416 3955 550 4009 codicibus
564 3955 598 4006 ad
608 3972 688 4008 unum
698 3955 782 4008 omni·
815 3955 850 4006 ad
868 3953 949 4007 solum
967 3953 1114 4022 Drypetin,
1134 3951 1337 4022 Hephaestionis
1353 3967 1420 4004 uxo-

185 4025 227 4077 bus
243 4043 300 4078 cum
317 4023 457 4104 omittitur,
475 4022 598 4103 videlicet
616 4032 725 4093 propter
740 4021 781 4075 in-
816 4038 886 4101 rem²
910 4021 1034 4091 pertinet
1075 4021 1136 4085 Quo
1147 4017 1298 4101 'intellecto
1315 4017 1420 4072 Freins-

187 4089 781 4232 ttttffttot'tffittatttlt,tlt}
816 4090 1332 4236 'millisbllllliilallaaau
1360 4154 1420 4208 nu

188 4239 224 4281 tur
239 4242 264 4284 et
282 4234 357 4283 modo
375 4241 402 4282 ut
420 4233 524 4282 bostem.
816 4230 897 4279 verbu
922 4227 1016 4280 ordine
1042 4224 1207 4279 collocantur
1233 4241 1259 4276 m
1285 4222 1366 4276 Snak.
1393 4233 1420 4276 ct

216 4296 442 4368 Cap.1t,§.18.
477 4299 516 4351 cir
534 4297 699 4366 Euphraten]
735 4295 781 4349 Sic
816 4294 1054 4355 nostu'somnibus,
1073 4294 1420 4363 cumvulgopreaterqunur

189 4383 238 4418 cum
264 4366 398 4420 Snakenb.
425 4365 490 4420 edit.
508 4366 588 4418 Bern.
607 4366 632 4417 A
658 4373 686 4417 et
708 4363 780 4417 Flor.
816 4362 943 4417 allodio
961 4363 1182 4416 edaturmurtuos
1200 4363 1276 4413 simul
1294 4363 1418 4430 uiuosque.

190 4433 303 4487 ADFGl.
339 4435 426 4505 Vulgo
445 4437 482 4488 cis
498 4435 670 4502 Euphratem.
817 4431 858 4486 cf.
877 4432 911 4484 ad
928 4446 973 4497 111,
994 4438 1034 4496 12,
1053 4438 1078 4484 2.
