3336 5066
561 335 610 387 nr
639 335 768 388 crsrrs
794 337 905 388 snex.
932 338 982 406 vr,
1009 335 1053 388 so.
1353 312 1427 386 251

127 537 162 588 -s
177 517 244 592 sed
269 521 435 590 recusere
461 543 536 592 non
562 527 682 608 ausos,
708 517 861 591 Persicis
888 527 1083 591 ornaverat
1109 519 1280 592 vestibus.
1324 515 1429 594 Pelli-

178 653 239 702 ces
266 648 336 702 ccc
363 637 401 702 et
426 651 487 718 Lx,
524 628 677 703 totidem
703 637 792 722 quot
817 624 928 700 Darei
952 628 1111 716 suerent,
1146 628 1281 723 regiam
1308 629 1430 728 imple·

176 737 278 829 bant,
304 763 393 835 quas
419 739 624 838 spadonum
649 759 788 834 greges,
815 737 946 834 stipsi
973 738 1160 812 muliebria
1186 738 1260 836 pati
1286 740 1430 830 assueti,

179 849 433 946 sequebantur.
555 935 556 938 Ἴ

147 977 163 1026 s
221 1031 224 1038 ,
285 959 386 1033 Haec
419 959 510 1030 luxu
537 965 575 1030 et
601 957 798 1055 peregrinis
832 959 963 1032 infecte
995 961 1154 1032 moribus
1181 968 1321 1032 veteres
1348 957 1480 1032 Phi-21

179 1071 268 1168 lippi
293 1069 435 1160 milites,
461 1067 562 1142 rudis
589 1068 689 1142 natio
715 1068 765 1142 ad
792 1069 1008 1166 voluptates,
1027 1070 1146 1167 pelam
1160 1068 1430 1160 aversabantur,

142 1239 146 1244 .
181 1179 340 1276 totisque
375 1180 507 1254 castris
539 1204 633 1254 unus
660 1181 821 1253 omnium
847 1204 975 1253 sensus
1003 1205 1045 1252 ac
1071 1203 1189 1252 sermo
1216 1189 1312 1268 eret,
1348 1180 1430 1277 plus

130 1289 353 1364 remissum
378 1291 547 1380 victoria,
574 1313 684 1386 quam
709 1290 804 1364 bello
831 1315 911 1364 esse
938 1291 1149 1386 quaesitum.
1202 1287 1295 1360 Tum
1321 1290 1433 1362 maxi·

180 1426 242 1475 me
266 1402 361 1476 vinci
386 1403 496 1498 ipsos,
523 1398 679 1494 dedique
704 1401 826 1473 alienis
854 1401 1013 1475 moribus
1041 1413 1078 1474 et
1098 1399 1282 1474 externis:
1309 1410 1432 1476 tantae

181 1536 303 1586 morae
330 1513 505 1610 pretium,
541 1509 670 1603 domos
697 1513 799 1607 quasi
824 1513 862 1584 in
889 1514 1034 1610 captivo
1060 1512 1187 1584 habitu
1212 1534 1431 1585 reversuros.

181 1619 324 1694 Pudere
350 1621 422 1694 iam
448 1622 514 1694 sui.
550 1619 703 1718 Regem,
730 1623 834 1697 victis
861 1647 969 1718 quarn
995 1622 1191 1696 victoribus
1218 1620 1431 1713 similiorem,

132 1750 232 1804 nex
256 1727 490 1806 Macedoniae
516 1732 733 1830 imperatore
758 1732 869 1806 Darei
895 1745 1065 1831 satrapen
1090 1732 1234 1806 lactum.
1269 1731 1333 1804 Ille
1356 1741 1433 1808 non

181 1840 328 1938 ignsnrs
364 1852 402 1916 et
436 1843 618 1941 principes
650 1843 847 1917 amicorum
882 1855 921 1918 et
954 1844 1153 1917 exercitum
1187 1843 1346 1940 graviter
1380 1844 1437 1916 of*

183 1951 297 2043 feudi,
345 1952 502 2050 gratiam
543 1952 757 2028 liberalitate
795 1954 990 2051 donisque,
1012 1978 1181 2051 reperere
1222 1955 1433 2052 temptabat
1545 1999 1547 2003 -
1584 2017 1587 2024 .

182 2174 266 2228 ruisse
282 2177 312 2228 1ιί
329 2193 448 2247 nomque.
485 2176 570 2258 (llam
587 2177 672 2232 nostri
689 2177 793 2232 codices
826 2177 889 2258 libri
905 2195 966 2232 mss.
1004 2187 1089 2233 reeter
1112 2178 1184 2233 Flor.
1201 2178 1252 2231 DF
1269 2177 1327 2258 Pu,
1346 2186 1379 2246 1,
1406 2177 1437 2232 in

184 2241 265 2296 Bern.
282 2245 309 2296 A
327 2243 456 2298 FlenAB
476 2263 522 2316 qur
541 2246 650 2316 paulum
668 2245 794 2299 aberrant
828 2247 925 2317 quibus
943 2197 1053 2318 vulgata
1070 2245 1177 2317 legitur,
1197 2264 1264 2317 quae
1282 2263 1359 2309 unice
1370 2263 1434 2299 rere

184 2309 284 2390 habent
309 2313 350 2365 lu'i
374 2331 501 2386 nomque,
530 2314 619 2368 etsie
645 2313 721 2368 Laid.
744 2331 793 2368 nec
827 2323 875 2368 est
911 2315 1019 2368 Modius
1045 2325 1099 2368 tam
1126 2333 1184 2368 eum
1210 2317 1322 2367 maxime
1339 2313 1432 2381 edidit,

182 2379 315 2452 discrepet
331 2381 410 2434 Voss.
429 2385 600 2454 tonumque.)
628 2384 673 2435 Διι
689 2391 793 2436 veteres
828 2383 862 2435 de
879 2382 1032 2436 coniecturs
1049 2390 1189 2452 utramque
1214 2381 1354 2436 lectionem
1370 2399 1436 2436 eon·

183 2447 300 2502 editores
321 2449 479 2504 dubitonmt
500 2467 564 2502 num
586 2459 648 2522 post
668 2460 793 2504 oneretur
826 2449 946 2521 iungens.

304 2521 317 2569 l
352 2516 528 2590 Postponitur
551 2535 615 2574 vero
652 2529 793 2591 requenter
862 2529 952 2572 tentes
974 2537 1063 2573 morae
1083 2521 1198 2590 pretium
1225 2521 1312 2572 domos
1334 2549 1370 2561 -
1391 2536 1436 2572 re·

184 2601 236 2654 epu
272 2583 409 2651 Curtium,
433 2585 561 2658 imprimis
585 2587 613 2641 in
631 2587 793 2658 parenthesi·
827 2589 958 2655 versmos]
995 2587 1128 2642 Videntur
1158 2587 1224 2640 haec
1256 2586 1443 2654 integerrima„

184 2652 246 2719 bus,
265 2671 290 2706 v.
308 2671 330 2707 e
351 2669 422 2720 vm,
442 2662 484 2709 49.
513 2670 559 2724 rx,
580 2661 619 2709 18.
656 2655 794 2726 Significat
827 2655 875 2710 sed
891 2655 987 2709 vulnus
1013 2657 1104 2710 subest
1128 2654 1308 2725 gravissimum
1333 2661 1361 2706 et
1377 2671 1433 2708 me·
1621 2719 1624 2726 .

72 2753 77 2780 .
183 2721 472 2776 suctorAlexsndrum
489 2724 523 2776 ab
533 2725 662 2794 equitibus
671 2725 793 2798 ἑταίροις
828 2723 930 2777 dicineo
954 2724 1068 2795 siquod
1085 2723 1157 2778 eliud
1179 2739 1266 2794 egens.
1306 2726 1338 2775 In
1355 2723 1432 2776 codd.
1479 2730 1482 2736 '
1564 2735 1568 2750 ¹

184 2787 326 2912 ifqiopgisse:
344 2789 411 2871 Ιιιιιι
438 2790 549 2845 militiae
575 2791 792 2872 honoretissimos
827 2791 897 2844 enim
917 2792 989 2846 Plor.¹
1006 2791 1080 2846 ABG
1090 2791 1128 2846 sic
1146 2790 1257 2862 legitur:
1276 2800 1299 2843 et
1318 2792 1432 2845 armis

218 2861 793 3008 ralissntrlllllffliffiwiiffi
827 2863 1315 2981 tit,'t“ttl1⁰ttt5”t‘ct⁰
1327 2875 1433 2994 tlt:

184 2992 273 3066 placet
302 3003 430 3050 ιοιιιιιιιιο
460 2995 580 3066 oorrigst
613 3015 672 3050 eum
698 2996 793 3052 Modio
828 2995 922 3068 uno
941 2999 1019 3050 doute
1035 3013 1116 3064 more,
1134 2996 1161 3049 iu
1178 2997 1259 3050 Bern.
1277 2995 1303 3048 A
1347 3003 1431 3048 ossi

184 3073 359 3130 morast,
382 3063 485 3117 hebent
519 3064 590 3118 enim
620 3065 659 3119 sic
707 3065 794 3120 lurimi
828 3081 878 3136 quo
902 3075 973 3118 tante
996 3082 1079 3130 mors,
1108 3081 1142 3117 ex
1170 3063 1245 3117 Leid.
1269 3081 1318 3134 quo
1344 3073 1433 3117 tontes

184 3129 317 3211 iidemque
342 3131 438 3202 optimi
465 3131 534 3186 libri.
569 3132 667 3203 Neque
685 3084 793 3188 dubium
828 3133 946 3186 affertur.
990 3133 1022 3186 In
1058 3132 1179 3186 omnibus
1209 3134 1284 3185 deest
1308 3133 1431 3201 pretiwn,

184 3207 226 3252 est
244 3216 308 3270 qrun
326 3199 398 3252 istud
416 3217 484 3254 onus
502 3200 593 3272 potins
610 3219 690 3273 quam
707 3201 794 3256 honos
827 3203 900 3272 quod
924 3200 1037 3271 primurn
1060 3201 1087 3254 in
1112 3201 1209 3254 Aldine
1231 3200 1354 3266 secessit,
1384 3216 1434 3254 nee

186 3266 280 3320 fuerit:
298 3284 391 3321 rernm
409 3268 529 3340 displicet
545 3277 634 3323 temen
648 3278 677 3324 et
690 3270 794 3324 videtur
827 3269 921 3340 reliqui
939 3269 1052 3324 editores
1070 3269 1097 3322 in
1115 3277 1191 3322 tante
1213 3268 1340 3321 varietate
1357 3267 1432 3322 Aldi-

186 3334 248 3388 mihi
272 3335 379 3406 quidem
406 3353 423 3389 a
449 3337 562 3408 simplici
583 3338 645 3392 stilo
668 3337 793 3392 historiae
828 3355 890 3390 nem
908 3337 1047 3392 lectionem
1064 3339 1186 3390 deserere
1198 3336 1254 3390 susi
1268 3347 1338 3402 sunt,
1357 3353 1432 3407 pree-

185 3402 272 3456 aliene
300 3420 356 3457 esse
379 3404 425 3457 illa
448 3405 543 3460 irrisio.
587 3406 681 3461 Solere
705 3416 793 3461 eurem
827 3415 869 3460 ter
897 3406 1033 3470 Medium,
1086 3406 1112 3459 ui
1138 3423 1202 3477 quos
1228 3415 1317 3458 tentae
1344 3423 1432 3459 morae

185 3471 469 3539 verbeisteconr'undi,
488 3473 510 3527 si
523 3474 693 3544 cuidubiurn,
713 3477 793 3530 docet
822 3477 938 3544 pretium
948 3424 1092 3540 ediditsdd
1128 3476 1220 3528 retium
1239 3473 1308 3524 unde
1325 3473 1432 3527 duxerit

185 3538 322 3594 Brumae
339 3539 397 3594 Liv.
413 3550 561 3609 xxx1V,10
579 3543 637 3597 init.
828 3561 881 3596 non
909 3542 1042 3596 indiosrit.
1133 3543 1220 3595 uidem
1254 3541 1432 3595 coniecerem:

220 3611 244 3676 5.
271 3613 309 3668 8.,
337 3609 450 3664 Pellitos
476 3611 552 3665 000
575 3621 600 3664 st
622 3613 687 3680 Lx]
730 3611 793 3666 Hoc
827 3607 949 3665 mutato
967 3629 1057 3665 more
1080 3613 1170 3664 desnos
1189 3611 1268 3681 queri
1284 3612 1313 3662 in
1330 3611 1431 3679 captivo

184 3679 243 3730 loco
261 3693 354 3730 omnes
379 3677 439 3732 libri
462 3696 542 3732 manu
565 3679 659 3751 scripti
685 3689 791 3734 centum
826 3681 917 3733 latire
934 3695 1091 3733 reversuros.

184 3745 288 3798 addunt
305 3761 432 3813 numero,
456 3763 517 3799 cum
540 3765 622 3828 supra
639 3763 687 3814 m,
708 3755 721 3799 7
741 3758 792 3800 trs·
861 3750 885 3816 ξ.
902 3755 942 3800 11.
959 3749 1265 3868 qratiam—reperere]
1284 3745 1329 3800 Sic
1341 3763 1431 3800 omnes

186 3823 275 3867 emor
300 3815 441 3882 sexaginte
459 3831 590 3886 expressis
616 3815 701 3870 literis
717 3816 793 3868 exhi·
828 3815 889 3868 libri
919 3833 971 3868 mer
998 3824 1026 3869 et
1048 3815 1157 3869 Snelren
1178 3816 1260 3886 urgii,
1285 3832 1333 3869 nee
1355 3813 1431 3869 rideo

185 3880 275 3934 beent.
313 3880 437 3936 Praestet
453 3884 562 3936 credere
579 3883 700 3938 Diodoro
717 3901 739 3938 c.
759 3892 790 3936 77
828 3883 893 3954 quid
913 3883 1041 3954 impediat
1062 3884 1201 3954 quominus
1225 3901 1352 3953 reperere
1387 3901 1432 3936 re-

186 3965 245 4002 esm
260 3949 417 4004 seminarum
439 3952 575 4006 eohortem
592 3953 628 4005 ad
645 3952 748 4006 dierum
765 3952 793 4006 in
828 3955 891 4004 tiam
966 3969 999 4005 ue
1022 3953 1090 4005 beno
1118 3953 1223 4006 diosus
1251 3961 1331 4022 etque
1359 3901 1431 4015 illud,

186 4034 256 4071 snno
274 4034 412 4072 numerum
429 4019 581 4074 referenti·
828 4021 899 4090 quod
925 4039 1007 4091 rugo
1033 4021 1121 4074 editur
1152 4039 1323 4090 rscsspsrare,
1350 4019 1430 4073 modo

222 4085 288 4157 Cap.
306 4093 356 4152 21,
375 4091 399 4153 s
418 4095 443 4141 9.
478 4090 544 4143 tello
560 4107 618 4143 esse
635 4092 791 4170 quaesitior]
828 4089 901 4159 quod
926 4105 1049 4160 reperere
1072 4089 1185 4158 gretiam
1203 4107 1276 4142 suum
1295 4087 1373 4158 ipsius
1392 4087 1431 4141 in·

186 4153 249 4208 Hoc
271 4154 363 4208 ordine
389 4155 533 4212 verborum
555 4157 664 4228 optimi,
698 4157 793 4229 reliqur
827 4157 927 4227 telligo,
935 4173 1090 4228 recuperare
1108 4157 1224 4210 alterius.
1250 4155 1344 4210 Grstie
1361 4155 1431 4210 enim

186 4239 252 4344 Ξεᾶιιο
260 4225 406 4344 quaesitqrm
426 4225 596 4364 ὀιὶὶοἱῦιιιιιιιυιιὲι
603 4225 676 4348 Εὸιὲιιί.
695 4225 717 4280 C
736 4244 793 4280 esse
827 4227 1021 4348 alteppusutnqs
1038 4234 1094 4292 est,
1116 4243 1168 4348 {ex
1193 4225 1308 4346 desiepet
1330 4240 1387 4278 csse
1404 4224 1430 4278 in

322 4310 360 4346 ιιι
373 4311 415 4346 ern
459 4312 494 4346 vu
671 4314 686 4348 o
721 4312 792 4348 aces.
891 4311 916 4347 re
938 4313 953 4346 s
974 4313 990 4346 u
1035 4311 1180 4348 exercrurn
1279 4310 1330 4346 ram
1357 4311 1431 4346 suern

186 4376 243 4412 esse
260 4309 379 4414 iqoquuo
396 4333 444 4416 mi.
463 4371 511 4416 est
703 4314 719 4365 q
828 4311 972 4429 illiserat?
994 4379 1052 4416 esm
1078 4335 1202 4434 reparsr’e
1218 4313 1370 4428 gddudebn't,
1401 4369 1433 4416 ut
1458 4365 1462 4372 '

222 4431 246 4494 s.
267 4435 307 4482 10.
343 4441 397 4483 ιιιιιι
423 4433 545 4499 rrrarime]
588 4432 655 4486 Cum
682 4435 793 4486 irrerime
828 4431 897 4487 sicut
913 4442 992 4486 entes
1009 4432 1095 4502 grstia
1111 4432 1245 4486 exercitus
1263 4432 1378 4484 floreret.
