3324 5054
517 351 530 399 .·
604 357 656 407 nu
683 355 811 410 ossus
836 353 1091 424 mx..w,'62·
1398 337 1469 409 159

219 535 330 625 acics,
357 559 466 632 quam
491 537 563 612 hae
586 539 817 612 tumultan'ae
844 557 982 625 manus,
996 535 1242 610 vehementius
1269 539 1378 614 miore
1397 563 1470 616 cer·

156 665 200 714 ss
219 657 356 720 tamen
409 645 573 722 Tandem
597 647 753 735 barbari,
780 669 863 719 cum
889 648 1043 720 obscura
1067 649 1146 722 luce
1172 649 1283 721 tutior
1308 649 1393 746 fuga
1418 652 1470 722 vi-

220 755 372 832 deretur
398 783 477 832 esse
504 783 612 854 quam
638 765 771 856 pugna,
786 757 956 857 dispersis
983 760 1182 856 agminibus
1209 760 1337 833 abiere.
1378 758 1469 848 Rex,

220 867 511 942 extraordinario
546 868 706 965 periculo
734 869 940 959 defunctus,
976 870 1170 942 incolumes
1207 895 1291 944 suos
1325 870 1471 944 reduxit

219 979 260 1053 in
287 989 416 1052 castra

157 1108 199 1160 sc
328 1085 497 1162 Cecidere
523 1088 737 1180 Persarum,
777 1115 930 1187 quorum
964 1115 1152 1164 numerum
1187 1092 1341 1166 victores
1368 1091 1520 1164 finire63

219 1210 439 1298 potuerunt,
464 1201 563 1274 milia
587 1221 657 1289 xa,
693 1197 933 1273 Macedonum
958 1202 1075 1273 minus
1102 1226 1209 1298 quam
1236 1223 1305 1275 ccc
1333 1201 1468 1292 deside·¹

160 1329 199 1378 ar
219 1310 293 1383 rati
328 1321 423 1384 sunt.
477 1309 647 1384 Ceterum
678 1309 772 1382 banc
804 1311 992 1420 pictoriam
1023 1336 1089 1384 rex
1123 1313 1256 1384 maiore
1292 1336 1338 1385 ex
1365 1324 1468 1411 parte

219 1421 359 1513 virtuti,
385 1446 494 1519 quam
520 1421 688 1494 fortunae
715 1445 801 1495 suae
829 1419 973 1494 debuit:
1009 1423 1146 1514 animo,
1172 1448 1256 1513 non,
1283 1433 1325 1495 ut
1349 1431 1466 1514 antea,

161 1551 200 1600 sa
220 1531 303 1606 ioco
329 1531 425 1606 vicit
478 1529 572 1606 Nom
607 1542 644 1604 et
677 1532 790 1606 aciem
816 1532 1030 1630 peritissime
1055 1533 1242 1623 instruxit,
1278 1543 1315 1606 et
1349 1559 1466 1632 prom·

219 1643 384 1742 ptissime
411 1642 488 1739 ipse
514 1644 710 1740 pugnavit,
747 1653 785 1716 et
820 1667 951 1741 magno
987 1643 1133 1716 consilio
1159 1645 1332 1716 iacturam
1360 1635 1466 1720 sarci&

220 1777 351 1828 narum
386 1751 797 1851 impedimentorumque
832 1755 1062 1853 contempsit,
1098 1779 1179 1828 cum
1210 1755 1247 1826 in
1280 1755 1370 1854 ipsa
1391 1757 1466 1832 acie

221 1887 384 1946 summae
409 1864 462 1938 rei
487 1863 629 1938 videret
655 1889 735 1938 esse
762 1864 962 1958 discrimen,
978 1865 1155 1962 dubioque
1181 1865 1299 1940 adhuc
1324 1893 1466 1967 pugnae

162 1995 202 2044 ss
221 1977 359 2050 eventu
383 1999 452 2072 pro
477 1975 616 2048 victore
643 1999 684 2049 se
709 1976 839 2074 gessit,
866 1977 1049 2074 perculsos
1075 1975 1204 2052 deinde
1230 1979 1388 2053 hostium
1413 1979 1465 2052 suss

223 2084 296 2176 dit,
330 2084 524 2184 fugientes,
560 2085 658 2182 quod
684 2086 721 2158 in
747 2087 807 2160 illo
821 2087 963 2160 ¹ardore
990 2087 1097 2160 animi
1123 2088 1186 2160 vix
1212 2087 1310 2160 credi
1334 2099 1466 2187 potest,

163 2215 205 2265 so
222 2193 437 2295 prudentius
473 2221 583 2293 quam
619 2195 760 2269 avidius
799 2207 1009 2295 persecutus
1045 2207 1109 2270 cst
1173 2195 1265 2271 Nam
1300 2199 1331 2272 si
1363 2211 1465 2298 parte

222 2307 403 2380 exercitus
429 2305 548 2379 adbuc
574 2307 611 2378 in
637 2307 714 2380 acie
740 2317 878 2397 stante,
904 2307 1039 2379 instare
1066 2307 1273 2382 cedentibus
1300 2333 1464 2407 perseve-

220 2425 348 2507 rasset,
374 2427 439 2490 aut
464 2417 572 2516 culpa
596 2443 663 2490 sua
690 2417 807 2490 victus
834 2427 948 2506 esset,
975 2428 1038 2489 aut
1063 2419 1178 2493 aliena
1203 2421 1337 2494 virtute
1362 2421 1464 2493 vicis·

221 2537 288 2602 set
340 2525 417 2600 Iarn
444 2529 474 2600 si
500 2527 769 2602 multitudinem
801 2529 961 2625 equiturn
996 2531 1257 2603 occurrentium
1283 2531 1464 2604 extimuis-

221 2651 288 2730 set,
317 2640 443 2713 victori
470 2651 535 2712 aut
560 2637 666 2712 foede
692 2638 913 2737 fugiendum,
927 2653 991 2712 aut
1003 2640 1250 2714 miserabiliter
1260 2639 1463 2746 podendum

256 2877 280 2954 ξ.
296 2879 340 2928 25.
371 2875 501 2944 dispersis
518 2873 668 2955 agminibus
687 2873 826 2943 quominus
862 2891 921 2954 epm
938 2880 998 2926 τῶν
1014 2871 1081 2945 ἀμφ’
1097 2871 1281 2946 Ἀλέξανδρον
1297 2882 1404 2928 centum
1421 2889 1464 2929 αἱ·

218 2959 273 3065 bw
320 2941 521 3077 miprq’gunqg.
538 2945 828 3080 dii-iimndiidieddd
844 3027 846 3030 ·
862 2943 1130 3090 uupspgperantm
1147 3011 1188 3064 rei
1204 3041 1238 3051 -
1255 3011 1396 3090 &crimen
1422 3009 1464 3064 in-

218 3077 338 3150 exceptis
372 3079 482 3132 sortasse
517 3077 675 3148 qmbusdam
714 3077 828 3132 extremi
863 3078 966 3132 fimtum
1002 3089 1129 3150 quantum
1163 3079 1287 3149 vulgatae
1318 3085 1464 3150 scripturae
1575 3080 1581 3106 ⁸

218 3147 329 3215 ordinis,
351 3155 382 3200 ut
403 3147 482 3226 Vpss.
504 3153 520 3200 2
548 3145 594 3226 qui
623 3145 730 3226 siletpr,
763 3145 828 3199 illud
863 3165 989 3226 summum
1007 3149 1047 3200 rei
1054 3149 1238 3201 -dr'scrimen
1254 3155 1383 3218 praestet,
1402 3163 1463 3200 nam

218 3215 355 3270 exhibent.
396 3215 482 3269 Miror
508 3225 730 3295 potrusuagmrns
758 3232 829 3268 nunc
863 3217 904 3268 rei
930 3233 966 3268 src
991 3215 1111 3296 absoluta
1136 3215 1250 3286 positum
1280 3217 1330 3270 boc
1356 3215 1462 3286 quidem

171 3342 173 3345 ’
218 3283 751 3475 “daqubwffsiffliufiit'gdin'
769 3353 819 3404 us
862 3284 1030 3405 {tutti
1057 3285 1365 3406 ''sidffldenw‘i'iiiit
1382 3302 1462 3406 bu

206 3371 389 3491 finis-apposl'
416 3392 533 3502 'luia-cit
554 3419 663 3500 Medius
688 3427 718 3472 et
736 3391 828 3473 'edidit'
862 3439 977 3474 summae
995 3369 1184 3474 ingddit.'Mod.
1202 3428 1230 3474 et
1247 3419 1368 3498 in'Bern.
1387 3370 1462 3500 iitro-

217 3489 579 3612 Wmibssuiiid
586 3489 828 3610 ditum
861 3489 1463 3612 itit‘sitts‘btttttbtittttt

217 3625 345 3680 Heinsius
362 3625 470 3680 laudato
487 3625 545 3680 ioco
562 3623 653 3678 Valet.
670 3623 745 3678 Mam
755 3639 786 3692 v,
800 3631 826 3692 ³,
862 3636 968 3679 nostrae
985 3627 1130 3696 scripturae
1147 3635 1287 3680 auctorem

219 3701 246 3763 2,
263 3695 310 3748 ubi
326 3703 368 3748 est
385 3695 533 3775 qaindecim
550 3695 625 3747 milia
648 3695 734 3775 peris:
759 3695 827 3746 tanti
896 3699 920 3760 s.
939 3701 980 3748 29.
1010 3696 1146 3814 perculsos
1169 3697 1279 3775 iperium
1306 3712 1358 3748 non
1376 3693 1461 3746 minus

219 3779 331 3833 acusque
344 3763 524 3833 poenufimtu
542 3771 588 3816 ert.
608 3762 826 3815 Inrrenumerum
860 3773 932 3816 recto
950 3771 978 3816 et
995 3770 1140 3832 eegsntrus
1162 3771 1242 3816 ettam
1264 3779 1343 3833 quarn
1356 3764 1462 3831 percul-

219 3831 424 3910 mne-dicuntur
440 3829 522 3900 vulgo
540 3831 585 3902 qui
602 3837 757 3896 numerant,
773 3831 826 3910 'sed
861 3849 904 3885 sos
930 3834 1014 3885 hostes
1041 3831 1104 3896 dici,
1136 3847 1195 3884 cum
1225 3839 1352 3910 sequatur
1377 3831 1462 3884 alters

219 3900 278 3972 quis
299 3915 449 3952 numerasse
471 3914 534 3952 vere
555 3915 692 3954 caesorum
711 3898 826 3952 bostrum
861 3917 921 3970 pars
930 3902 1076 3970 sapientes,
1093 3899 1168 3952 facile
1185 3899 1350 3969 intelligitur.
1368 3899 1463 3969 Itaque

220 3985 330 4040 corpora
355 3967 468 4022 victores
498 3967 617 4038 putarit?
667 3966 739 4021 Satis
775 3967 827 4020 fuit
860 3968 964 4022 restitui
995 3986 1070 4021 suum
1104 3968 1241 4039 scriptori,
1276 3967 1462 4021 auctoritatem

218 4037 359 4091 aestimare
375 4053 511 4091 summam.
546 4037 640 4105 Atque
662 4035 689 4089 in
716 4037 766 4090 bac
782 4051 825 4089 ae·
860 4036 986 4090 librorum
1012 4053 1128 4090 meorum
1155 4035 1270 4090 omnium
1300 4035 1408 4089 aliorum
1428 4053 1462 4088 uc

218 4105 370 4186 stimstione
391 4105 509 4159 sobrium
532 4104 689 4186 repraebet
707 4102 826 4172 Curtius,
861 4105 1031 4226 plurimorum
1049 4113 1163 4184 secutus.
1190 4103 1268 4168 Quod
1285 4103 1313 4157 in
1330 4122 1400 4158 nonu
1440 4105 1462 4158 is

217 4191 281 4228 nem
298 4173 430 4228 Dnodosm
448 4181 602 4244 nonaginta,
611 4173 742 4226 Amanus
759 4173 826 4226 adeo
871 4175 934 4228 rbus
961 4175 1007 4228 sed
1030 4192 1084 4226 nou
1105 4192 1133 4226 m
1157 4173 1236 4227 Bern.
1255 4175 1280 4226 A
1298 4183 1326 4226 et
1343 4173 1414 4226 Flor.
1435 4175 1460 4225 A

217 4249 341 4297 trecenta
366 4242 439 4296 milia
468 4242 584 4296 bostium
609 4257 745 4295 caesorum
771 4250 826 4294 tra·
861 4243 959 4313 legitur
987 4261 1143 4312 percussos,
1174 4241 1201 4295 id
1231 4241 1361 4295 neminem
1391 4257 1462 4294 nunc

217 4311 286 4366 dunt
303 4312 389 4366 titisse
406 4311 584 4365 Macedonum
603 4327 743 4363 numerum
759 4309 825 4364 Dio·
860 4313 984 4366 movebit.

217 4379 298 4434 donus
315 4381 349 4434 ad
366 4379 525 4452 quingentos
543 4379 608 4433 dicit
625 4379 714 4446 luisse,
733 4378 825 4432 Arria-
894 4385 918 4446 s.
946 4387 987 4435 30.
1027 4391 1072 4434 cut
1106 4383 1182 4451 culpa
1209 4398 1258 4434 sua
1287 4381 1368 4432 victas
1394 4388 1460 4431 esser

216 4465 268 4503 nus
288 4449 324 4503 de
340 4449 415 4520 regia
433 4457 539 4504 tantum
556 4448 601 4502 als
617 4447 691 4519 loqui
709 4446 823 4515 videtur,
860 4465 949 4502 omnes
972 4449 1032 4503 libri
1054 4450 1135 4503 Bem.
1163 4456 1191 4502 et
1219 4448 1292 4503 Flos.
1321 4456 1349 4501 et
1378 4445 1460 4500 snsk.
