3300 5044
250 324 325 412 470‘
721 356 754 420 q.
782 353 906 408 cuam
930 355 1018 409 surr

248 538 340 612 sicut
364 536 577 635 imperatum
604 548 697 632 erat,
722 539 887 614 lacessito
912 539 1028 630 hoste,
1056 537 1176 615 subito
1201 553 1306 644 terge
1329 528 1491 632 ¹vertunt,

249 669 338 744 quos
364 645 508 720 barbari
534 649 646 723 effirse
672 661 861 748 sequentes
883 651 924 722 in
951 651 1057 740 alios,
1083 651 1178 725 inter
1203 679 1294 750 quos
1308 657 1398 754 -ipse
1425 677 1493 726 rex

249 767 343 846 erat,
382 756 550 832 incidunt.
610 759 797 834 Renovato
824 786 909 860 ergo
936 761 1089 860 proelio,
1130 765 1319 840 extribus
1347 765 1492 838 milibus

248 869 482 946 barbarorum
509 873 669 944 sexcenti
701 873 918 962 camisum,
952 873 1048 946 mille
1074 873 1187 971 eapti,
1223 877 1332 950 ceteri
1357 877 1492 949 moeni·

249 981 317 1056 bus
344 981 442 1054 urbis
467 981 603 1053 inclusi.

200 1095 248 1166 33
353 1088 426 1164 Sed
456 1114 529 1162 non
567 1099 610 1162 ut
640 1089 754 1186 prima
790 1091 908 1188 specie
947 1094 1043 1166 lacta
1073 1094 1241 1185 victoria,
1279 1095 1331 1168 ita
1356 1107 1495 1172 eventu
1510 1114 1540 1162 ιο

251 1223 391 1299 quoque
416 1199 499 1273 fuit:
525 1199 656 1298 quippe
681 1198 823 1273 barbari
849 1224 990 1275 veneno
1016 1205 1202 1279 tinxerant
1226 1191 1376 1304 gladios.
1422 1205 1495 1280 Ita·

253 1335 322 1408 que
354 1309 463 1382 saucii
502 1306 655 1382 subinde
693 1308 921 1409 expirabant,
960 1336 1028 1384 nee
1067 1338 1176 1388 eausa
1215 1328 1290 1390 tam
1323 1327 1496 1390 strenuae

249 1421 375 1495 mortis
401 1419 597 1519 excogitari
614 1430 757 1520 poterat
780 1447 804 1495 a
820 1419 977 1512 medicis,
1005 1446 1086 1497 cum
1107 1425 1215 1497 etiam
1240 1427 1339 1500 leves
1364 1429 1496 1526 plagae

250 1529 466 1606 insanabiles
505 1541 635 1605 essent
699 1529 847 1606 Barbari
887 1542 1009 1606 autem
1039 1547 1274 1632 speraverant
1297 1538 1495 1612 incautum
1512 1557 1540 1604 n

253 1653 290 1718 et
315 1642 542 1716 temerarium
576 1665 697 1740 regem
730 1644 846 1742 excipi
870 1666 988 1742 posse.
1049 1642 1100 1718 Et
1123 1647 1217 1721 forte
1249 1648 1343 1724 inter
1375 1673 1497 1747 prom·

251 1754 432 1856 ptisaimos
459 1751 630 1826 dimicans
655 1754 810 1827 intactus
828 1765 1003 1828 evaserat
1043 1754 1239 1856 Praecipue
1252 1757 1496 1849 Ptolemaeus,
1512 1777 1541 1825 τι

251 1865 355 1940 laevo
381 1863 530 1937 humero
561 1863 688 1938 leviter
713 1864 856 1961 quidem
888 1866 1047 1958 saucius,
1082 1867 1149 1941 sed
1173 1869 1309 1942 maiore
1334 1869 1497 1968 periculo

252 1999 359 2074 quam
384 1967 532 2048 vulnere
558 1972 723 2064 affectus,
754 1974 848 2072 regis
874 1977 1150 2052 sollicitudinem
1177 1979 1215 2052 in
1241 2003 1280 2053 se
1305 1989 1496 2054 converte·

252 2095 319 2159 rat
359 2081 539 2184 Sanguine
565 2083 772 2157 coniunctus
798 2096 886 2177 erat,
912 2097 949 2160 et
976 2085 1123 2184 quidam
1139 2087 1305 2189 Philippo
1331 2091 1497 2188 genitum

253 2215 332 2274 esse
357 2193 568 2284 credebant,
603 2203 700 2268 certe
725 2195 849 2294 pellice
883 2198 959 2271 eius
986 2207 1108 2272 ortum
1138 2200 1339 2274 constabat
1392 2199 1499 2274 Idem
1513 2220 1544 2269 u

253 2307 411 2408 eorporis
438 2315 568 2397 eustos,
595 2305 951 2406 promptissimusque
976 2307 1139 2400 bellator,
1170 2319 1208 2383 et
1232 2311 1330 2410 pacis
1356 2311 1497 2386 usibus

253 2443 361 2520 quam
386 2417 530 2491 militiae
549 2417 663 2490 maior
688 2426 727 2489 et
750 2416 887 2508 clarior,
913 2418 1057 2492 modico
1082 2422 1249 2519 civilique
1274 2422 1383 2514 cultu,
1409 2423 1498 2497 liba
1590 2425 1594 2430 '

252 2531 336 2608 ralia
361 2530 398 2603 in
423 2527 556 2628 primis,
583 2525 753 2626 adituque
777 2529 880 2618 facili,
906 2529 994 2602 nibil
1020 2555 1068 2605 ex
1092 2533 1191 2606 festu
1214 2531 1333 2632 regiae
1359 2557 1498 2607 assum·

253 2651 386 2746 pserat.
426 2635 484 2715 Ob
509 2637 599 2712 haec
624 2639 699 2737 regi
725 2663 771 2712 an
796 2639 1029 2739 popularibus
1056 2643 1173 2716 carior
1198 2653 1309 2734 esset,
1337 2643 1498 2720 dubitari
1514 2665 1545 2714 a

253 2762 411 2855 poterat,
436 2760 516 2823 tum
541 2759 638 2823 certa
662 2749 815 2848 primum
841 2761 1013 2849 expertus
1039 2777 1189 2827 suorum
1215 2755 1371 2845 animos,
1403 2755 1499 2830 adeo

253 2864 510 2950 normanum,
536 2861 574 2932 in
600 2883 707 2957 quam
731 2871 857 2960 postea
882 2859 1061 2954 ascendit,
1087 2864 1125 2936 in
1151 2864 1212 2938 illo
1239 2865 1396 2963 periculo
1421 2864 1499 2941 Ma·

254 2974 407 3050 cedones
440 2971 587 3047 ominati
626 2995 705 3045 esse
735 2971 935 3047 videantur.
994 2969 1136 3074 Quippe
1173 2999 1249 3049 non
1281 2976 1396 3050 levior
1427 2978 1499 3051 illis
1515 2995 1546 3045 τι

252 3083 448 3162 Ptolemaei
472 3075 540 3160 urit
565 3106 660 3170 cura,
687 3083 798 3179 quam'
818 3083 929 3184 regis:
957 3083 1019 3181 qui
1045 3094 1083 3158 et
1108 3085 1245 3185 proelio
1271 3095 1309 3160 et
1328 3088 1498 3162 sollicitu-

255 3197 338 3271 dine
363 3195 533 3294 fatigatus
560 3217 641 3266 cum
654 3192 859 3269 Ptolemaeo
886 3193 1072 3287 assideret,
1096 3197 1232 3272 lectum
1257 3197 1295 3269 in
1321 3221 1393 3294 quo
1418 3201 1499 3298 ipse

257 3307 511 3405 acquiesceret,
544 3303 647 3377 iussit
671 3303 800 3387 inferri.
852 3303 892 3378 In
929 3328 1048 3401 quem,
1067 3315 1109 3380 ut
1135 3331 1175 3380 se
1200 3307 1358 3404 recepit·
1386 3304 1497 3402 proti·
1515 3323 1544 3366 ιε

259 3444 327 3494 nus
354 3417 460 3492 altior
497 3411 678 3490 insecutus
719 3425 775 3489 est
806 3439 962 3489 somnus.
1015 3413 1075 3490 Ex
1100 3442 1172 3515 quo
1200 3419 1394 3507 excitatus,
1432 3438 1500 3512 per

259 3529 413 3628 quietem
439 3525 570 3600 vidisse
596 3550 635 3598 se
660 3525 809 3622 exponit
833 3527 989 3624 speciem
1015 3525 1181 3603 maeonis
1208 3529 1383 3616 oblatam,
1418 3525 1498 3598 her·

255 3641 339 3715 bam
364 3638 508 3728 ferentis
532 3661 605 3728 ore,
631 3661 738 3735 quam
763 3637 891 3712 veneni
916 3636 1115 3714 remedium
1133 3663 1213 3714 esse
1238 3647 1497 3712 monstrasset:

290 3847 355 3920 Cap.
374 3853 418 3915 ³³,
436 3845 461 3914 ς.
478 3852 521 3902 2³.
547 3847 670 3917 aditaque
681 3846 776 3917 facila]
811 3845 856 3901 Sic
884 3865 937 3918 per
954 3849 1064 3919 quietem
1082 3850 1178 3904 vidua
1194 3866 1224 3904 cs
1272 3851 1351 3904 edan
1362 3847 1498 3912 draconis,

255 3916 392 3980 meliores,
418 3917 494 3969 νοω.
515 3923 526 3967 ι
549 3913 630 3968 Bere.
648 3913 673 3968 A
690 3915 761 3970 Flor.
781 3913 854 3968 ABG
889 3924 936 3970 aut
970 3933 999 3969 er
1016 3919 1126 3988 quietern
1150 3917 1204 3970 ass
1228 3920 1342 3972 oleran
1359 3933 1414 3970 esse
1436 3932 1498 3984 spe-

255 3985 331 4042 Mod.
348 3985 528 4065 membranae,
552 3982 765 4106 vpqursnucltleuiL
783 3983 856 4105 ἔξω
889 3987 960 4067 οιίηιΙ
971 3987 1126 4122 mumma&
1136 3984 1206 4108 :icus
1221 3984 1497 4108 alibgblqitxia'tgmququ

671 4091 677 4104 .
732 4071 739 4104 ι
833 4071 854 4105 r.
889 4071 1095 4134 speciaqwa
1153 4071 1263 4108 mnam
1428 4091 1496 4117 ,,

255 4073 287 4110 ex
319 4063 361 4107 ut
411 4069 469 4106 ctu
500 4067 543 4104 am

249 4054 427 4262 ildito.
451 4136 535 4259 5²2th
549 4119 854 4269 ”utaentur
891 4123 1405 4260 tt'ttuztttttftumtut
1422 4121 1497 4242 tt·

255 4258 436 4314 Alexandrum
466 4257 511 4311 vel
561 4255 700 4338 bilippum,
731 4277 757 4311 ιιι
788 4276 854 4329 quos
888 4270 942 4313 tom
959 4275 1015 4314 esse
1027 4275 1080 4328 per
1096 4275 1213 4312 sensnum
1225 4261 1277 4313 ubi
1292 4260 1401 4329 speciem
1413 4257 1496 4326 Apol·

255 4327 380 4399 privatim
396 4325 496 4382 qimau
512 4327 650 4395 superbiae
668 4344 720 4380 non
736 4325 815 4380 cadit
888 4329 961 4382 linis,
987 4326 1050 4381 Hoc
1066 4325 1149 4396 igitur
1166 4327 1374 4398 locoutramque
1391 4325 1495 4379 dicendi

291 4399 313 4465 §-
332 4402 373 4448 ιι.
389 4397 499 4464 speciem
516 4395 640 4448 draconis
656 4395 778 4462 oblatum]
800 4395 854 4448 Re·
888 4396 1023 4451 rationem
1039 4393 1185 4450 coniunxit

258 4461 418 4518 dundantiua
442 4461 523 4516 dixit:
549 4461 612 4514 satis
637 4460 708 4516 enim
732 4461 784 4516 suit
808 4471 855 4516 aut
