3330 5050
159 205 235 276 380
630 217 664 280 o.
691 217 814 268 ounrn
838 217 923 268 nurr

155 413 280 504 posset
305 425 347 472 ac
379 401 523 500 linguis,
557 403 677 500 itaque
707 427 806 476 more
833 400 1023 474 Persarum
1049 401 1264 481 Macedonas
1289 419 1436 480 vene-⁶

157 511 341 588 rabundos
368 513 485 612 ipsum
511 515 666 588 salutare
692 525 958 614 prosternentes
985 513 1084 588 humi
1111 543 1270 616 corpora
1315 513 1399 588 Non

158 623 284 697 decrat
316 625 400 698 talia
439 627 701 726 concupiscenti
739 625 936 724 perniciosa
969 624 1144 717 adulatio,
1184 639 1400 726 perpetuum

156 737 289 810 malum
317 761 452 834 regum,
480 763 630 834 quorum
656 764 742 836 opes
766 737 907 835 saepius
927 737 1132 826 assentatio,
1160 765 1268 835 quam
1284 737 1399 810 hostis

160 849 300 922 evertit
360 849 434 921 Nec
468 847 704 920 Macedonum
743 850 830 921 haec
870 859 948 922 erat
990 849 1116 945 culpa,
1162 875 1267 921 nemo
1304 848 1436 920 enimv

159 959 300 1032 illorum
335 961 524 1055 quicquam
559 981 606 1029 cx
641 959 756 1054 patrio
796 985 896 1032 more
937 961 1059 1034 labare
1099 960 1288 1048 sustinuit,
1333 955 1399 1029 sed

158 1065 387 1156 Graecorum,
414 1067 475 1163 qui
501 1068 754 1164 professionem
780 1071 1012 1144 honestarum
1038 1071 1170 1143 artium
1196 1070 1298 1141 malis
1324 1091 1400 1139 cor·

158 1187 332 1275 ruperant
357 1178 526 1251 moribus.
578 1178 666 1276 Agis
692 1179 837 1273 quidam
862 1179 1030 1278 Argivus,
1063 1181 1300 1280 pessimorum
1326 1193 1440 1250 car-8
1516 1239 1522 1246 .

159 1289 297 1362 minum
334 1301 418 1388 post
451 1287 653 1362 Choerilum
686 1289 866 1380 conditor,
906 1304 944 1364 et
976 1317 1022 1364 ex
1056 1291 1174 1368 Sicilia
1200 1289 1305 1380 Cleo,
1343 1288 1403 1361 hio

160 1395 305 1498 quidem
329 1427 402 1474 non
429 1402 560 1500 ingenii
586 1402 711 1488 solum,
738 1399 926 1472 sedetiam
945 1405 1099 1477 nationis
1117 1405 1206 1478 vitio
1225 1402 1403 1488 adulator,
1436 1439 1444 1448 -

162 1523 200 1586 et
216 1523 336 1586 cetera
353 1513 495 1586 urbium
512 1537 656 1586 suarum
675 1522 920 1610 purgamenta,
946 1539 1039 1611 quaa
1062 1515 1272 1613 propinquis
1295 1513 1405 1585 etiam
1505 1553 1510 1565 .

162 1623 470 1721 maximorumque
502 1625 723 1697 exercituum
755 1621 905 1697 ducibus
931 1649 954 1697 a
979 1649 1065 1724 rege
1098 1625 1404 1725 praeferebantur.

162 1731 210 1808 Hi
230 1741 323 1806 'tum
357 1735 496 1808 coelum
529 1735 578 1807 illi
620 1733 845 1832 aperiebant,
884 1733 1146 1835 Herculemque
1184 1749 1223 1811 et
1256 1735 1405 1809 Patrem

160 1843 330 1920 Liberum
365 1856 402 1919 et
435 1870 517 1919 curn
548 1843 692 1918 Polluce
719 1841 903 1918 Castorem
937 1873 1034 1920 novo
1068 1849 1205 1922 numini
1239 1870 1405 1922 cessuros

162 1979 241 2032 eoae
266 1957 458 2032 iactabant

197 2249 258 2312 Μ.
284 2245 372 2314 troque
388 2261 460 2298 acore
477 2243 632 2315 Personam]
659 2242 765 2324 Pittaci
798 2241 956 2298 Plutarchus
982 2245 1017 2298 de
1043 2244 1157 2300 diacrim
1180 2247 1251 2300 adul.
1273 2243 1406 2299 et'amici

162 2311 231 2368 b'ber
247 2311 343 2380 (Paria
354 2312 389 2380 C)
407 2313 435 2367 in
457 2313 509 2367 tina
532 2313 608 2367 buius
629 2322 765 2366 commatis
798 2319 872 2367 clo.
907 2313 948 2368 Cf.
966 2322 1055 2368 umen
1072 2315 1186 2368 eundem
1202 2315 1262 2370 eod.
1279 2314 1358 2368 hnc.
1371 2319 1407 2368 8⁰

162 2381 238 2462 addit
255 2383 331 2446 iubet,
349 2399 399 2436 nac
414 2383 585 2454 dceruntqui
598 2383 706 2462 ycrbum
720 2382 765 2434 da·
798 2381 845 2434 ubi
862 2383 982 2462 {Apenas
1008 2383 1138 2464 quosdam
1162 2383 1234 2437 inter
1254 2381 1408 2463 adulatores

162 2449 288 2504 aderant
323 2449 378 2504 Sed
400 2459 520 2522 praestat
536 2467 552 2504 a
569 2451 697 2522 prrorrbua
714 2449 766 2504 buo
799 2460 927 2504 nominat
960 2449 1015 2506 Pro
1039 2451 1129 2506 Siculo
1151 2452 1253 2507 Cleonc
1278 2453 1408 2506 ananus

162 2521 416 2600 revocarayolabot,
443 2537 504 2574 nana
531 2519 595 2574 illud
619 2536 668 2574 rex
693 2528 766 2572 certa
800 2517 987 2600 Anares-chum
1028 2521 1141 2602 nondam
1164 2521 1250 2602 tradit
1270 2529 1407 2574 auctorem

164 2595 321 2643 consuant.
799 2605 919 2642 mommo
934 2589 1014 2669 furcae
1051 2607 1118 2642 arnas
1132 2589 1277 2643 bonor-rbus
1286 2589 1406 2670 hlasan-

163 2739 209 2820 s,
242 2679 267 2792 1·
278 2673 506 2820 ,cama
517 2673 766 2794 tamn
800 2655 1151 2808 sesemen
1227 2675 1408 2780 ests

163 2808 228 2930 sl.
243 2808 413 2931 tltttt
430 2810 767 2932 ,remittas
800 2791 930 2926 sset
947 2795 1324 2930 sancsone
1346 2793 1407 2916 lt

164 2886 357 3026 assumptis
375 2961 435 2998 sum
453 2944 582 3000 inensem
594 2945 693 3026 pavo:
710 2963 767 3000 m·
799 2929 863 2983 nti
879 2930 992 2984 wine
1008 2930 1213 3002 aptamus
1229 2931 1361 3012 apsa-n,
1381 2937 1406 3011 ,1,

163 3023 246 3094 tapso·
264 3015 381 3081 facere,
396 3023 443 3095 aut
471 3031 524 3095 non
545 3027 660 3096 nutrpco
682 3014 767 3068 facero
800 3003 900 3120 {3300}
915 3000 976 3052 Ast*
992 3009 1064 3081 1²⁰⁰&
1077 3005 1326 3122 ³3¹}ffiaiffi
1338 2999 1408 3133 ἓξ

164 3081 278 3204 ffl‘
298 3101 353 3204 333
371 3082 429 3204 ξῗῗ,
444 3081 683 3205 fhffimffiss'
697 3081 768 3204 ῑᾱῗξξ
801 3134 861 3188 vno
882 3137 984 3189 uaeas
1005 3107 1102 3190 mrim
1123 3137 1157 3189 aa
1174 3135 1300 3191 csoesro
1316 3136 1407 3190 samso

164 3169 392 3285 fcreaciicsaet,
410 3167 552 3300 σοι-Ἐπιφὶ,
570 3219 703 3284 infirmari,
721 3221 767 3274 ab·
800 3211 928 3274 ‘²¹125et
947 3212 986 3258 ¹⁰·
1072 3256 1077 3264 -

163 3305 261 3410 man.
296 3287 371 3342 Haec
390 3305 468 3341 causa
489 3287 539 3341 lint
560 3305 607 3341 cur
623 3287 767 3342 Palmarius
830 3301 1016 3359 pur-pomereto,
1038 3307 1104 3361 quoe
1121 3319 1156 3330 —
1169 3291 1407 3364 praeferebantur]

218 3355 256 3410 let
272 3357 365 3422 libore,
382 3373 461 3427 quam
474 3357 650 3410 coniecturam
660 3357 767 3410 Modica
802 3357 964 3412 Conectoria
982 3358 1088 3411 videtur
1105 3375 1163 3412 essa
1179 3359 1250 3441 quod
1268 3360 1296 3413 in
1313 3359 1372 3414 Pal.
1392 3367 1405 3413 1

164 3433 194 3478 et
217 3423 348 3478 amicitiae
368 3441 484 3478 musae
553 3425 625 3478 illum
647 3435 677 3478 et
694 3427 767 3495 quod
801 3435 830 3480 et
852 3425 922 3480 Flor.
941 3426 1005 3479 DFI
1026 3425 1126 3497 legitur
1148 3447 1193 3508 pua
1215 3459 1250 3468 -
1268 3429 1408 3498 praesere-

164 3493 193 3548 in
266 3493 303 3547 cia
325 3493 459 3547 codicibus
481 3495 501 3546 t·
545 3503 650 3547 cesset
680 3493 764 3548 Patr
802 3496 903 3548 bantur.
937 3493 1008 3548 Nam
1023 3495 1142 3567 quamvis
1155 3497 1286 3550 interdum
1299 3495 1408 3550 nomina

165 3571 194 3615 et
225 3561 272 3616 lor.
282 3561 336 3629 DI)
355 3562 382 3615 in
400 3571 504 3616 textum
521 3562 628 3633 recepit
655 3499 767 3616 iernen
802 3563 880 3624 haec,
910 3579 979 3635 quac
1005 3581 1054 3635 per
1079 3566 1261 3636 metaphoram
1289 3565 1409 3618 homines

166 3631 267 3685 sactum
292 3647 349 3695 casa
376 3647 453 3686 nemo
485 3631 599 3701 negabit.
645 3631 767 3686 Dicemus
801 3633 960 3703 significant,
988 3649 1087 3703 genere
1110 3633 1225 3687 naturali
1248 3651 1302 3688 non
1319 3651 1408 3704 gram·

165 3699 268 3771 potius,
295 3701 424 3753 sustinere
441 3701 467 3754 h.
482 3699 500 3754 1.
517 3718 572 3754 non
588 3717 660 3768 eam,
707 3717 768 3754 uam
801 3701 897 3755 matico
915 3709 1112 3768 constmuntur,
1131 3719 1184 3756 non
1198 3702 1305 3756 videtur
1318 3711 1408 3756 amar

166 3767 299 3838 urigo,ai
338 3767 496 3822 ilicationcm
512 3768 640 3834 audendi,
721 3787 768 3841 pa·
802 3771 851 3823 hoc
877 3769 1002 3824 constitui
1028 3769 1141 3836 debere,
1171 3771 1223 3824 nisi
1243 3770 1290 3824 ubi
1311 3769 1409 3824 eximia

118 3897 121 3904 ,
165 3837 250 3892 tiendi
266 3837 301 3890 ha
333 3853 371 3903 re,
389 3846 422 3891 ut
438 3837 489 3892 sit:
513 3855 589 3891 nemo
606 3855 697 3892 comm
714 3857 767 3893 non
802 3838 926 3892 librorum
944 3839 1089 3892 auctoritas
1106 3839 1234 3909 postulat.
1270 3839 1342 3892 Tum
1359 3857 1408 3910 pro

167 3907 285 3976 graviter
313 3905 433 3973 serebat,
468 3923 545 3960 nemo
570 3924 654 3978 aequo
681 3905 767 3961 animo
819 3908 1020 3977 meserebontur
1045 3906 1074 3960 in
1099 3908 1177 3961 codd.
1195 3907 1269 3962 Lcid.
1298 3911 1406 3962 Vosal

167 3975 271 4028 screbat
287 3973 428 4045 quicquam
449 3991 483 4028 ex
540 3975 591 4030 trio
607 3993 680 4030 more
698 3976 768 4030 infir·
826 3975 939 4029 ern.AB
950 3975 1109 4030 FlonhssG
1117 3963 1285 4047 findantur,
1300 3975 1407 4030 inFlor.

166 4043 240 4097 mari.
266 4043 351 4096 Deest
367 4044 477 4097 verbum
514 4043 600 4098 obium
617 4045 645 4098 in
654 4045 724 4099 Flor.
734 4045 767 4099 G.
802 4043 826 4101 C
843 4045 950 4098 daadbua
968 4053 1029 4097 ante
1040 4045 1208 4114 faetantur.

202 4131 226 4198 §.
244 4134 268 4182 8.
304 4129 373 4198 Apis
399 4131 504 4198 puidam
531 4131 659 4202 Arpinus]
694 4129 767 4184 Libri
835 4147 953 4183 casuros
976 4131 1044 4201 esse]
1080 4147 1213 4183 cessurum
1236 4149 1293 4184 esse
1316 4129 1404 4184 Patr

168 4197 289 4254 Curtiani
310 4213 401 4251 omnes
424 4198 530 4268 ches,
558 4209 586 4250 et
607 4198 675 4251 infra
696 4217 718 4252 c.
733 4207 766 4254 20
801 4197 972 4252 Flosnrol
990 4200 1024 4251 de
1041 4215 1093 4269 qua
1110 4199 1239 4253 varietata
1261 4218 1314 4253 non
1327 4197 1408 4253 'aliud

167 4267 262 4336 Hupen
280 4283 364 4321 accus.
388 4283 466 4320 casu:
488 4267 535 4320 sed
552 4267 626 4338 Ἆγιν
643 4271 767 4339 Αργεῐον
801 4267 908 4321 iudicari
931 4275 1019 4338 potest
1040 4284 1120 4338 quarn
1143 4268 1223 4321 modo
1245 4269 1279 4322 de
1303 4269 1406 4322 milibus

167 4336 308 4390 ἐποποιὸν
324 4335 442 4409 appellat
450 4334 578 4414 Δζιὶαιιιιε
595 4334 638 4388 lib.
648 4349 685 4402 tv,
704 4341 719 4390 9
737 4345 766 4390 et
800 4345 829 4389 et
840 4337 1024 4407 purpamentta
1041 4336 1095 4406 qui.
