3324 5054
59 4125 62 4130 ’
94 4157 96 4162 -
181 4129 488 4198 prorsusabestverbum
499 4127 545 4181 aF

175 309 247 380 122
669 319 703 382 Q·
731 319 854 372 eusru
879 318 964 372 nom

171 507 273 580 bonos
307 501 426 576 attis
457 503 518 605 qui
548 503 945 603 pareuluberipotest,
975 503 1411 581 tursom'ctoreseruatus

172 627 238 689 est:
264 613 325 688 sed
348 639 434 690 uecr
458 628 517 689 trra
534 615 641 714 pardo
666 627 740 688 onte
764 615 900 688 excessit
923 637 941 685 e
964 614 1043 686 vta.
1102 613 1195 686 Tum
1222 641 1311 688 vero
1337 642 1411 689 non
1428 634 1465 682 ss

170 725 326 823 gemitus
353 727 472 818 modo,
499 726 564 800 sed
590 727 698 798 etiam
724 724 875 796 eiulatus
901 721 987 792 totis
1015 723 1142 793 castris
1170 725 1412 798 exaudieban-

173 846 249 908 tur:
281 861 349 912 nec
375 836 555 910 dubitavit
580 834 735 920 Dareus,
770 832 855 926 quin
882 830 1069 903 interfecte
1094 845 1205 922 esset,
1243 834 1328 928 quia
1351 858 1412 905 ne·

174 947 312 1042 quisset
343 946 594 1020 contumeliam
629 941 776 1038 perpeti.
829 939 1087 1037 Exclametque
1118 967 1243 1016 umens
1271 942 1413 1016 dolore:

175 1055 276 1140 Quod
309 1083 369 1156 epo
403 1067 531 1127 mcum
561 1055 656 1153 nesus
690 1052 855 1143 cmrnisi,
889 1053 1109 1126 Absarus?
1148 1079 1247 1154 quem
1280 1068 1414 1130 sunem

167 1169 439 1268 propinquorum
464 1163 589 1254 receti,
614 1173 651 1236 ut
675 1163 760 1236 banc
783 1163 888 1237 raban
911 1165 1097 1240 restitueres
1121 1166 1280 1240 saevitur
1297 1166 1414 1242 nuce?

177 1275 290 1351 Odisti
312 1297 380 1365 nte,
412 1297 480 1348 non
504 1273 638 1373 quedem
663 1287 882 1372 provocetis:
906 1273 968 1346 sed
978 1274 1091 1373 stripe,
1116 1274 1241 1348 testam
1265 1277 1415 1352 inbrbsse

173 1399 203 1459 te
228 1385 355 1478 belum
381 1410 456 1459 eum
471 1385 614 1486 fenicis
639 1408 825 1482 erpoaqere
841 1383 1025 1456 debueras?
1052 1383 1218 1483 Tyriotes
1233 1386 1414 1460 affirmare
1430 1407 1470 1457 so

176 1513 243 1594 per
267 1494 355 1569 deos
381 1495 528 1595 patrios,
552 1495 640 1566 nihil
665 1495 702 1566 in
728 1519 806 1566 eam
832 1495 977 1591 gravius
1005 1519 1083 1568 esse
1110 1497 1334 1569 consultum:
1361 1499 1414 1570 in·

175 1607 355 1704 gemuisse
381 1607 489 1679 etiam
514 1602 761 1676 Alexandrum
785 1605 901 1693 morti,
928 1615 966 1677 et
989 1629 1064 1676 non
1089 1606 1232 1701 parcius
1259 1607 1414 1699 flevisse,

177 1744 285 1816 quam
316 1717 393 1814 ipse
424 1715 634 1786 lacrimaret.
699 1709 756 1785 Ob
787 1711 876 1786 haec
905 1714 985 1810 ipsa
1018 1715 1172 1788 eruentis
1204 1716 1345 1790 animus
1375 1719 1469 1790 iuss

111 1851 113 1854 ·
176 1823 452 1900 sollicitudinem
477 1823 784 1920 suspicionemque
808 1825 994 1896 revolutus
1020 1835 1086 1913 est,
1113 1823 1333 1899 desiderium
1358 1851 1415 1900 ca·
1486 1905 1489 1912 Δ

101 1989 104 1994 -
176 1938 299 2036 ptivee
325 1937 486 2034 profecto
499 1959 522 2007 e
535 1931 791 2006 consuetudine
804 1935 919 2030 stupri
944 1944 1064 2006 ortum
1090 1959 1170 2008 esse
1197 1936 1414 2020 coniectans.

177 2046 373 2122 Summotis
403 2045 513 2143 igitur
543 2043 704 2134 arbitris,
749 2067 820 2116 uno
855 2045 1045 2139 dumtaxat
1077 2044 1226 2143 Tyriote
1261 2057 1414 2138 retento,
1432 2066 1473 2115 ss

108 2211 111 2216 -
178 2160 249 2231 iam
275 2181 350 2229 non
374 2155 475 2246 fleus,
489 2153 559 2228 sed
573 2154 766 2253 suspirans,
801 2153 953 2245 Videsne,
979 2155 1103 2252 inquit,
1135 2156 1282 2256 ant'ttte,
1308 2157 1417 2231 Ioum

213 2361 237 2426 ξ.
255 2362 300 2412 28η
332 2357 412 2409 bonos
436 2356 469 2408 ab
493 2356 546 2425 bia]
583 2355 674 2409 Honos
698 2355 780 2409 forma
813 2353 870 2406 deri
893 2353 998 2407 videtur
1021 2363 1111 2408 utrum
1134 2355 1218 2409 malis.
1252 2359 1346 2427 Atque
1367 2356 1418 2409 im·

177 2423 411 2548 {illiniti
430 2423 563 2546 tloettt
582 2424 779 2560 &litii
813 2421 1086 2545 pgqappiqqffi
1096 2423 1419 2563 tltttttttt

178 2561 260 2615 etiam
286 2562 357 2632 apud
384 2559 507 2614 Curtium
532 2576 566 2613 err
592 2559 779 2631 probatissimis
814 2558 962 2611 aestuantis
980 2531 1149 2630 semetipsum
1167 2561 1293 2614 saevitiae
1310 2561 1420 2615 crimine

179 2629 253 2683 libris
271 2647 320 2701 pro
338 2628 448 2698 vulgari,
487 2645 536 2680 use
550 2629 689 2696 estbonor,
705 2628 780 2681 resti·
814 2635 890 2679 essct.
925 2627 1019 2698 Neque
1041 2629 1144 2698 negabo
1167 2638 1257 2682 tumen
1279 2632 1359 2683 vicen
1376 2645 1420 2682 re·

179 2698 287 2752 tuenda.
305 2698 343 2750 Et
360 2698 410 2751 boc
447 2647 532 2750 uidem
551 2695 609 2750 looo
626 2697 652 2749 in
667 2705 781 2766 utroque
814 2697 919 2748 stituere
943 2695 1026 2749 veteri
1048 2696 1208 2750 suctoritstc
1237 2713 1342 2765 carere,
1371 2698 1420 2750 sed

178 2765 260 2819 Bern.
278 2764 386 2819 etFlor.
405 2715 445 2818 ad
454 2783 532 2817 unum
550 2763 669 2818 omnibus
684 2764 781 2834 legitur
814 2781 873 2815 cum
891 2766 998 2816 reddere
1015 2766 1095 2817 ricem
1112 2765 1181 2818 bene
1198 2765 1311 2834 dicetur,
1326 2763 1421 2838 quidni

178 2833 257 2899 (item
274 2835 317 2887 bis
336 2851 384 2904 pro
401 2836 461 2898 iis);
485 2849 551 2884 unus
569 2831 726 2902 relinquitur
743 2833 780 2886 lo·
814 2831 895 2883 etism
911 2834 1047 2885 restituere
1063 2832 1210 2903 probetur?

179 2919 226 2956 eus
243 2909 385 2970 V111,2l,
409 2901 487 2954 subi
501 2903 662 2970 praecipuus
684 2904 781 2954 bonor
848 2917 904 2952 eum
928 2901 1034 2964 sericinis
1060 2918 1122 2970 erqo
1152 2919 1232 2971 cyere
1258 2903 1420 2974 debuercsi]

178 2972 323 3025 habebatur
339 2969 366 3023 in
385 2968 491 3040 optimis
508 2977 538 3023 et
555 2967 671 3039 plurimis
688 2977 738 3022 est.
814 2967 891 3021 Hauc
916 2958 1019 3022 dicendi
1046 2968 1186 3044 formulam
1213 2972 1308 3024 bellum
1340 2989 1422 3040 apere

214 3041 238 3107 ξ.
256 3045 298 3092 29.
334 3048 387 3092 tum
404 3040 473 3106 vero]
511 3036 613 3091 Otimi
631 3047 708 3104 tuac,
734 3037 780 3091 sed
814 3035 900 3088 allatis
922 3035 1022 3089 idoneis
1043 3036 1196 3091 auctoribus
1213 3038 1361 3092 defenduut
1378 3037 1423 3092 iu-

180 3107 302 3161 assentiri
319 3123 373 3160 non
391 3123 504 3177 possum.
546 3104 695 3174 rogreditur
711 3105 780 3158 enim
813 3112 943 3173 terpretes
961 3105 995 3157 ad
1011 3103 1109 3174 Nepot
1127 3105 1217 3159 Haun.
1234 3113 1293 3173 cb,
1313 3107 1424 3176 nequid

179 3175 310 3240 narratio,
332 3193 386 3228 non
402 3173 477 3244 qussi
496 3175 565 3227 redit
582 3175 617 3226 sd
633 3172 780 3226 describes·
813 3172 882 3225 forte
891 3173 924 3225 de
933 3171 1090 3240 corrigendo
1098 3173 1208 3244 cogites,
1218 3174 1290 3228 sieut
1299 3174 1423 3230 Freinsh.

178 3245 242 3296 dum
279 3244 323 3296 uid
341 3251 414 3296 certo
433 3244 545 3313 quodem
560 3251 677 3312 tempore
691 3251 780 3294 actum
814 3239 891 3292 scribi
910 3239 993 3293 voluit
1008 3258 1106 3309 perere.

178 3311 221 3364 sit.
258 3261 301 3366 gf.
325 3329 404 3381 supra
426 3313 460 3363 at
478 3325 527 3376 111,
546 3315 577 3378 8,
595 3315 627 3363 24
645 3318 674 3362 et
691 3316 737 3377 34,
758 3319 780 3362 t.
849 3310 872 3375 ξ.
891 3311 1119 3388 subcinerei
1136 3327 1185 3389 pro
1202 3309 1275 3380 vulg.
1294 3313 1423 3365 lacrimu-

179 3379 283 3432 Deiude
301 3382 489 3433 exaudiebatur
497 3377 568 3432 Flor.
579 3376 693 3432 BDFGI
702 3376 781 3430 Bern.
815 3386 887 3428 retur
904 3375 1069 3429 scribendum
1111 3387 1184 3430 utsvr
1201 3389 1314 3448 propter
1330 3389 1425 3433 sucto-

179 3447 203 3500 B
222 3456 250 3500 et
269 3445 390 3512 Medius,
408 3448 455 3500 sed
473 3455 593 3517 praestat
610 3446 716 3517 pluralis
734 3465 782 3499 nu·
816 3443 923 3498 ritatem
940 3445 1016 3498 codd.
1034 3443 1082 3497 Lei
1126 3446 1206 3500 Bern
1224 3449 1251 3498 A
1269 3447 1341 3501 Flor.
1359 3447 1423 3516 AB,

179 3533 267 3569 merus
285 3516 319 3568 de
336 3515 479 3568 multorum
504 3515 637 3568 hominum
663 3513 688 3566 in
707 3531 782 3583 prse-
817 3513 1426 3584 qusurquamuedeponentiulisquidemsonua

179 3584 249 3637 torio
268 3593 489 3654 congregatorum
507 3581 744 3636 lamentationibus.
817 3580 911 3634 idonee
937 3591 1010 3635 caret
1035 3581 1205 3636 auctoritate
1248 3582 1335 3636 Psulo
1361 3593 1426 3653 post

216 3653 395 3704 ocaturnelicm
413 3653 529 3720 perpeti]
574 3651 619 3704 Sic
642 3651 747 3704 Medius
769 3667 784 3703 e
818 3650 848 3701 ob
866 3651 929 3703 boec
947 3651 1001 3717 ipse
1015 3649 1042 3702 in
1051 3649 1157 3720 optimis
1166 3649 1336 3721 plurimisque
1346 3652 1426 3706 codd.

180 3719 235 3772 suis
253 3719 334 3786 libris,
352 3719 509 3790 quibuscum
518 3717 783 3772 ssciuntleidltoss
818 3716 930 3787 legitur,
953 3718 1000 3769 sed
1022 3719 1146 3771 mendum
1172 3733 1229 3772 esse
1256 3718 1427 3773 librariorum

184 3796 237 3841 let
246 3787 444 3841 BermrlFlor.
454 3786 605 3841 ABDFGl.
623 3786 783 3907 vnlfflffii'
819 3785 895 3838 facilc
917 3785 1049 3854 intelligis.
1084 3787 1152 3854 Ipso
1175 3803 1230 3840 uon
1255 3795 1298 3840 est
1321 3787 1372 3840 nisi
1395 3787 1426 3841 in

218 3859 297 3908 vicem
314 3857 462 3908 restitueres
480 3857 605 3908 saevitiae
621 3857 703 3925 meae]
818 3853 889 3906 Flor.
907 3853 921 3906 1
938 3853 1017 3906 Bern.
1036 3855 1062 3906 Δ
1078 3853 1112 3906 de
1128 3853 1194 3908 meis
1210 3862 1240 3907 et
1257 3855 1285 3907 iu
1303 3855 1379 3909 Voss.
1400 3863 1425 3908 1.

183 3933 228 3978 tur
245 3923 326 3993 vulgo
348 3926 427 3977 vicem
448 3926 573 3977 saevitiae
590 3941 661 3974 rneoe
678 3927 783 3988 reddas,
817 3920 891 3974 Edit.
909 3939 948 4000 pr.
967 3922 1028 3990 r'psi,
1047 3921 1145 3974 Aldine
1158 3924 1223 3992 ipse,
1242 3921 1353 3977 Iuniana
1370 3924 1426 3994 pri-

182 4001 211 4045 ct
221 3991 413 4045 inveniturhoc
422 3991 448 4044 in
459 3991 529 4046 Flor.
540 3990 639 4058 DFGI,
653 4000 744 4044 contre
758 3991 785 4043 in
819 4007 890 4042 muru
909 4008 976 4058 ipsa.

181 4059 513 4113 ProsecEHaBernB
524 4058 696 4181 lepituqqtprgl
705 4058 784 4180 eqliqli,
819 4061 877 4177 (¹33
894 4065 934 4110 82.
963 4060 1066 4112 videsne
1080 4060 1168 4180 &nquit
1188 4059 1427 4182 Tsiioelviiqh'ii‘

573 4147 593 4180 r.
631 4169 636 4180 .
691 4144 717 4180 es
743 4147 784 4179 rr·
837 4143 936 4178 ermus
953 4143 988 4178 cx
1004 4143 1080 4179 emen
1099 4143 1188 4180 arone
1233 4157 1287 4180 ·¹·
1362 4144 1377 4180 c

182 4196 359 4248 derusBeru.
371 4199 429 4248 Aet
436 4197 509 4249 Lcid.
517 4214 548 4250 eo
556 4213 608 4266 quo
615 4213 661 4249 nos
668 4196 784 4247 dedimus
819 4211 877 4246 eum
896 4195 974 4263 vulgo
998 4193 1132 4263 legeretur
1149 4195 1177 4248 in
1193 4205 1234 4260 te,
1254 4213 1303 4265 pro
1322 4213 1375 4265 quo
1397 4169 1427 4250 iri

182 4263 256 4326 loco,
283 4264 330 4316 sed
352 4263 380 4316 in
403 4265 522 4334 margine
545 4281 623 4316 manu
641 4263 784 4318 recentiore
820 4281 872 4316 uno
890 4263 911 4314 F
914 4264 959 4316 lor.
977 4263 1000 4314 B
1019 4267 1076 4336 vite
1086 4271 1171 4316 extat.
1205 4263 1303 4316 Delere
1320 4264 1427 4318 voculae

182 4331 326 4384 additurin
335 4331 380 4384 illo
388 4336 547 4397 restitueres,
562 4332 589 4384 in
598 4332 647 4384 hoe
656 4335 784 4385 redderes.
819 4331 925 4384 volebat
949 4329 1151 4384 Freinshemius.
1194 4329 1266 4384 Tum
1293 4333 1374 4386 Bern
1398 4335 1428 4387 A

181 4400 226 4454 De
244 4400 320 4454 Voss.
341 4409 352 4452 1
373 4401 473 4457 siletur.
500 4401 596 4454 Libora
613 4399 695 4468 igitur
712 4399 784 4468 optio
819 4415 890 4470 apr.
908 4417 942 4450 nr.
961 4408 989 4451 ct
1006 4398 1076 4452 Flor.
1095 4401 1120 4452 A
1138 4401 1269 4468 tyr-ictum.
