3258 5120
570 355 619 407 us
646 355 773 409 orsrrs
799 355 908 408 Anax.
935 361 972 426 x,
999 354 1024 406 ⁴.
1344 335 1416 408 489

181 537 258 628 xit,
291 539 446 613 monitos
477 549 555 614 tum
591 540 734 614 demum
766 563 809 610 ea
840 536 996 628 deferre,
1027 563 1110 612 cum
1141 541 1217 638 ipse
1249 539 1417 614 iussisset

115 667 159 715 aa
181 647 331 722 Interim
357 653 520 750 quotiens
547 651 623 723 sine
650 650 791 721 arbitris
818 659 905 738 erat,
932 648 1095 722 credulas
1119 651 1212 747 regis
1229 675 1332 724 aures
1358 653 1419 726 im-

182 761 321 858 plebat,
357 760 584 834 dissimulans
619 785 762 832 causam
795 760 884 850 irae,
920 786 991 856 quo
1025 760 1170 857 gravior
1203 762 1420 837 criminantis

118 890 160 938 aa
182 873 379 946 auctoritas
406 882 511 943 esset.
564 867 732 942 Nondum
762 881 950 967 suspectus
979 881 1058 945 erat
1084 867 1247 961 Orsines,
1275 873 1345 944 iam
1370 885 1420 946 ta·

180 1008 267 1054 men
292 982 406 1052 vilior.
459 980 555 1054 Reus
582 981 738 1053 enimin
766 993 904 1054 secreto
932 981 1126 1080 agebatur,
1161 983 1304 1082 latentis
1331 984 1420 1080 peri·

182 1091 255 1164 culi
288 1092 453 1190 ignarus:
491 1102 528 1165 et
562 1092 902 1190 importunissimum
935 1101 1109 1183 scortum,
1144 1119 1190 1166 ne
1224 1095 1261 1165 in
1296 1103 1420 1190 stupro

181 1201 328 1301 quidem
343 1213 380 1276 et
397 1202 581 1277 dedecoris
600 1202 772 1301 patientia
791 1201 927 1274 fraudis
954 1202 1117 1294 oblitum,
1144 1204 1307 1300 quotiens
1325 1228 1421 1276 amo·

180 1339 261 1388 rem
286 1316 380 1413 regis
406 1315 443 1386 in
470 1339 509 1386 se
535 1312 757 1400 accenderat,
784 1309 951 1386 Orsinem
974 1311 1082 1386 modo
1110 1315 1290 1405 avaritiae,
1316 1316 1421 1388 inter·

183 1425 272 1499 dum
298 1425 407 1498 etiam
433 1424 655 1513 defectionis,
682 1424 867 1521 arguebat.

125 1554 163 1602 ao
286 1533 361 1607 Iam
395 1545 538 1607 matura
571 1543 675 1607 erant
707 1535 744 1606 in
779 1533 971 1631 perniciem
1002 1535 1201 1609 innocentis
1227 1535 1470 1626 mendacia,5

183 1655 223 1718 et
248 1645 372 1735 fetum,
399 1646 500 1718 cuius
525 1645 739 1718 inevitabilis
757 1669 836 1717 sors
863 1653 929 1734 est,
955 1647 1159 1743 appetebat.
1195 1645 1302 1720 Forte
1328 1648 1422 1720 enirn
1504 1719 1516 1744 ‚

183 1755 387 1854 sepulcrum
413 1753 498 1854 Cyri
523 1743 731 1829 Aleirander
762 1755 866 1828 iussit
891 1756 1035 1853 aperiri,
1071 1758 1108 1830 in
1139 1783 1211 1855 quo
1237 1767 1315 1830 erat
1340 1781 1420 1830 con·

127 1885 158 1934 ar
184 1863 301 1938 ditum
327 1867 402 1940 eius
429 1891 574 1965 corpus,
601 1866 658 1939 cui
684 1865 770 1940 dare
796 1866 943 1939 volebat
968 1867 1121 1942 interius.
1173 1867 1273 1940 Auro
1298 1891 1422 1965 gearn-

182 1986 294 2073 toque
328 1978 506 2076 repletum
536 1969 615 2052 esse
650 1975 869 2067 crediderat,
913 1977 1045 2077 quippe
1078 1979 1130 2051 ita
1163 1978 1258 2051 sama
1291 1977 1422 2053 Persae

183 2087 444 2185 vulgaverant3
486 2087 551 2162 sed
584 2097 727 2188 praeter
761 2087 928 2186 clypeum
963 2088 1039 2161 eius
1074 2079 1217 2186 pdtrem
1251 2099 1289 2163 et
1318 2115 1421 2164 arcus

130 2215 164 2265 aa
184 2195 276 2272 duos
294 2194 480 2297 Scythicos
507 2210 545 2273 et
569 2199 750 2272 acinacem
774 2197 863 2270 nihil
886 2199 1055 2296 repperit
1100 2196 1267 2273 Ceterum
1292 2224 1425 2274 corona

183 2331 293 2381 aurea
318 2309 485 2406 imposita
516 2310 684 2398 amiculo,
715 2307 772 2380 cui
798 2317 962 2381 assuerat
986 2309 1079 2407 ipse,
1112 2311 1255 2406 solium,
1288 2311 1421 2408 inquo

185 2441 315 2516 corpus
342 2418 499 2510 iacebat,
526 2420 677 2509 velavit,
702 2418 867 2508 miratus,
895 2419 987 2492 tanti
1012 2421 1165 2494 nominis
1190 2444 1321 2519 regem,
1348 2431 1424 2496 tan·

184 2528 231 2601 tis
257 2527 459 2626 praeditum
486 2531 631 2629 opibus,
657 2529 755 2604 haud
780 2529 970 2629 pretiosius
997 2532 1178 2629 sepultum
1204 2556 1292 2622 esse,
1319 2559 1426 2630 quam

136 2659 168 2706 sa
187 2639 217 2713 si
244 2639 372 2712 fuisset
397 2665 417 2712 e
443 2641 557 2738 plebe.
609 2640 801 2714 Proximus
827 2652 907 2714 erat
931 2641 1035 2714 lateri
1060 2640 1192 2738 spado,
1218 2641 1278 2738 qui
1302 2667 1424 2740 regem

185 2750 339 2840 intuens,
368 2747 461 2834 Quid
484 2753 623 2844 mirum,
649 2752 772 2850 inquit,
799 2765 854 2843 est,
880 2752 999 2825 inania
1023 2751 1176 2850 sepulcra
1202 2777 1270 2826 essa
1295 2777 1420 2852 rapum,

186 2886 263 2935 crau
286 2875 504 2960 satrapeam
529 2863 648 2939 domus
679 2889 802 2938 aunan
837 2863 915 2936 inde
941 2876 1085 2964 mmmm
1111 2886 1229 2960 cupere
1258 2886 1325 2936 non
1344 2887 1422 2960 poa·

137 2969 277 3045 rrum?
311 2968 410 3056 Quod
434 2973 483 3046 ad
506 2999 559 3047 mc
584 2974 704 3065 minut,
730 2974 802 3073 ipsse
827 2973 886 3047 doc
911 2975 1042 3048 balma
1067 2985 1142 3046 aruc
1166 2997 1233 3048 non
1257 2971 1425 3046 miluom:

145 3079 147 3082 ’
185 3080 247 3156 aad
270 3080 442 3157 eaDareo
468 3083 515 3157 ila
540 3084 667 3182 accepi,
699 3083 765 3156 triu
791 3083 886 3157 milz'u
912 3082 1068 3158 woman
1100 3083 1231 3158 cnudo
1256 3106 1325 3157 esse
1350 3108 1426 3157 cum

220 3351 244 3418 5.
262 3355 305 3403 29.
339 3349 411 3403 aaa
432 3352 500 3403 enim
527 3353 556 3404 s'n
581 3361 678 3406 sacrm
694 3353 790 3420 opeto-
824 3366 856 3403 rv
873 3369 896 3405 c.
915 3359 944 3405 11
966 3353 1000 3404 de
1017 3359 1104 3406 morte
1123 3353 1284 3423 Cleopatrae
1300 3356 1427 3410 marinos

186 3427 230 3470 tar
263 3416 322 3470 ie.
339 3433 401 3471 reas
427 3427 484 3471 erat
501 3437 560 3473 cum
583 3421 711 3474 adversus
728 3437 789 3473 euna
824 3422 917 3474 indutu
935 3422 1029 3488 nauus,
1047 3423 1076 3474 in
1094 3422 1198 3491 differto
1212 3423 1334 3476 odorabas
1351 3426 1425 3490 solio,

187 3485 214 3539 in
230 3493 336 3540 saneto
353 3485 415 3540 lirrti
439 3495 574 3557 ageretur.
608 3489 692 3542 Reum
712 3506 790 3570 aqam
824 3491 899 3542 iuxta
918 3505 992 3542 saum
1009 3507 1038 3544 re
1055 3491 1346 3544 collocavitAnronr'am.
1371 3491 1426 3545 Pli-

186 3552 300 3625 aliquem
319 3571 373 3607 non
399 3553 463 3608 dicit
477 3555 589 3626 Cicero,
615 3557 663 3610 sed
679 3555 791 3610 Liviana
825 3556 883 3610 nius
903 3557 960 3610 lib.
986 3571 1070 3610 xxxv
1095 3575 1118 3612 c.
1149 3565 1180 3612 12
1211 3559 1346 3641 defunctos
1370 3577 1426 3614 rese

186 3621 285 3677 locutio
303 3629 353 3676 est
825 3627 900 3678 multi
916 3626 1046 3698 fictilibus
1066 3627 1142 3680 soliis
1168 3628 1245 3680 conda
1270 3629 1426 3694 maluerant,

222 3689 288 3761 Cap.
307 3697 340 3755 5,
358 3694 382 3756 5.
401 3698 443 3746 sl.
478 3703 636 3775 drymoque
655 3711 683 3747 rs
702 3695 790 3765 letam]
825 3692 870 3748 ubi
888 3709 1029 3764 perperam
1040 3694 1162 3764 vulgares
1181 3695 1241 3748 libri
1256 3697 1344 3762 doliis,
1362 3712 1427 3750 cou-

186 3759 262 3812 Voce
280 3775 296 3811 e
314 3759 493 3828 superioribus
507 3771 663 3832 repeutsoo
682 3761 791 3816 dFlor.
825 3769 867 3815 tra
883 3779 946 3815 mss.
963 3762 1057 3826 fidem,
1083 3762 1122 3816 uti
1140 3762 1292 3818 Harduinus
1318 3771 1345 3817 et
1362 3773 1426 3818 aute

186 3825 259 3880 ABG
278 3826 351 3880 Leid.
376 3832 481 3883 Vosal
511 3830 590 3884 Bam.
608 3831 634 3883 A
657 3847 723 3884 auro
745 3849 790 3883 ar·
824 3847 884 3884 eum
903 3828 1046 3885 Salmasius
1078 3831 1113 3884 ad
1139 3830 1261 3884 Solinum
1286 3847 1347 3902 pag.
1375 3839 1424 3887 84⁷

184 3899 616 3968 qmloquerondr'tumrepletum
625 3915 687 3952 esse.
706 3898 789 3952 Heiu·
826 3905 891 3969 (qua
908 3898 1049 3952 occasione
1068 3899 1103 3952 de
1121 3915 1149 3953 se
1169 3899 1257 3953 ultura
1265 3899 1427 3954 Graecorum

187 3963 225 4018 sio
242 3971 333 4018 tamen
351 3968 521 4020 mnduora'wn
531 3966 700 4021 scribendum
716 3967 790 4021 vide-
825 3977 854 4020 et
871 3967 1010 4020 Persarum
1036 3967 1103 4038 agit)
1157 3967 1228 4050 iique
1246 3969 1427 4024 observarunt

187 4032 273 4085 batur.
824 4035 937 4089 Sueten.
964 4036 1067 4090 Neron.
1085 4043 1159 4091 cto.
1176 4055 1204 4090 an
1222 4055 1250 4090 eu
1267 4047 1426 4091 monumento

188 4103 244 4221 Aa.
255 4107 321 4223 [δὲ
339 4105 497 4223 αὸευιναΙΙΙΒ
505 4101 552 4156 Sic
571 4101 701 4226 {xhibepet
712 4103 790 4226 1ΕΊοι·ἑ
823 4106 1100 4227 ἒοέίψονέὴμᾶἰιείσί
1110 4107 1270 4226 ἰηαἭνίεῑῑ
1290 4105 1426 4227 (ἐξίῐιτίω.

294 4189 328 4222 ι.
372 4188 422 4224 oss
499 4187 554 4225 ern.
604 4188 720 4236 ;cer1
760 4192 776 4225 u
860 4190 953 4225 .rra
994 4191 1012 4225 u
1048 4191 1091 4226 um
1127 4189 1331 4227 ocrroex.

188 4237 281 4308 vulgo,
298 4238 419 4310 pleniore
437 4241 521 4293 sonna
537 4237 613 4294 verbi
630 4213 789 4294 assmndrut.
859 4245 881 4309 §-
909 4247 952 4294 tl.
996 4251 1057 4294 ante
1086 4259 1139 4294 non
1164 4243 1290 4309 viduum]
1337 4242 1390 4296 Vul

219 4309 636 4380 rola'urninquocorpuss'ucebul]
659 4310 789 4376 „Solium
823 4321 917 4376 amca,
942 4309 1092 4363 porsecuti
1119 4327 1207 4363 sumus
1233 4309 1304 4364 Flor.
1329 4312 1379 4365 AB
1405 4311 1427 4364 l.

188 4371 204 4424 i.
229 4391 253 4427 e.
280 4375 407 4442 loculum,
443 4379 648 4448 sarcophagum,
684 4376 790 4430 πύελον
823 4377 925 4446 Μοκξ
952 4385 993 4432 36.
1015 4380 1042 4431 us·
1068 4395 1159 4432 omnes
1177 4377 1238 4431 libri
1264 4397 1326 4432 mss.
1343 4379 1427 4433 nostri

189 4441 314 4496 Arrianus
331 4452 360 4496 et
377 4444 473 4500 Strato
490 4454 593 4501 vocant
628 4445 725 4500 Florus
743 4445 788 4500 lib.
824 4455 852 4499 et
869 4446 951 4501 Snak.
969 4464 1019 4517 pro
1037 4445 1108 4516 vulg.
1127 4449 1156 4500 r'a'.
