3330 5050
599 337 649 387 na
676 337 801 390 casus
827 338 936 390 Anax.
964 338 1038 406 vm,
1060 333 1104 385 aa
1384 313 1457 386 409
1479 286 1507 313 ““

188 538 390 595 ⁷cucumen
417 531 626 618 exsurgunt.
680 518 830 592 Radices
849 521 924 592 eius
950 519 1061 592 Indus
1088 520 1202 591 amnis
1225 519 1332 608 subit,
1360 543 1458 616 prae-

222 631 331 720 altus,
368 634 547 727 utrimque
578 631 713 727 asperis
749 631 849 728 ripis:
890 633 936 705 ab
975 633 1088 704 altera
1129 639 1230 726 parte
1268 631 1457 728 voragines

221 743 426 839 eluviesque
458 753 673 839 praeruptae
705 751 797 814 sunt.
849 739 925 814 Nec
956 743 1026 814 alia
1052 740 1281 839 expugnandi
1313 737 1459 838 patebat

187 855 442 950 avia,·quam
475 862 515 924 ut
550 855 780 950 replerentur.
833 853 898 925 Ad·
925 879 1070 930 manum
1102 853 1192 924 silva
1225 862 1317 939 erat,
1352 876 1458 947 quam

223 990 288 1038 rex
314 967 366 1036 ita
391 964 491 1036 caedi
518 965 629 1054 iussit,
657 975 698 1035 ut
718 963 804 1035 nudi
822 966 961 1062 stipites
979 964 1196 1036 iacerentur:
1223 963 1354 1062 quippe
1371 963 1459 1034 rami

223 1074 349 1148 fronde
381 1076 504 1149 vestiti
535 1073 766 1173 impedissent
799 1074 963 1148 ferentes.
1016 1073 1097 1171 lpse
1129 1074 1263 1173 primus
1298 1086 1460 1148 truncam

185 1214 190 1220 ·
223 1185 388 1260 arborem
414 1187 517 1274 iecit3
551 1185 753 1280 clamorque
780 1186 968 1276 exercitus,
995 1184 1105 1258 index
1131 1186 1334 1273 alacritatis,
1361 1209 1458 1258 secu-

223 1308 282 1370 tus
309 1309 375 1389 est,
398 1299 500 1370 nullo
526 1295 749 1369 detrectante
763 1303 914 1386 munuc,
941 1293 1038 1393 quod
1065 1321 1130 1370 rex
1157 1298 1412 1395 occupavisset

189 1429 204 1475 a
326 1408 426 1482 Intra
452 1408 644 1507 septimum
669 1404 763 1480 diem
795 1431 967 1481 cavernas
1000 1409 1252 1506 expleverant,
1288 1433 1369 1480 cum
1395 1410 1510 1480 rex40

223 1521 426 1618 sagittarios
461 1529 499 1592 et
523 1517 701 1617 Agrianos
736 1518 835 1591 iubet
869 1544 934 1616 per
965 1518 1078 1592 ardua
1112 1520 1187 1592 niti.
1239 1519 1460 1618 Iuvenesque

175 1650 207 1698 ιο
225 1629 511 1730 promptissimos
537 1653 586 1702 ex
611 1654 677 1702 sua
703 1629 850 1703 cohorte
876 1657 956 1703 xxx
982 1630 1123 1728 delegit
1176 1629 1294 1706 Duces
1311 1631 1367 1704 his
1385 1618 1461 1704 dati

225 1753 310 1816 sunt
335 1740 474 1818 Charus
501 1752 539 1814 et
564 1739 788 1829 Alexander,
824 1765 930 1837 quem
961 1767 1027 1814 rex
1061 1741 1229 1832 nominis,
1264 1741 1362 1838 quod
1393 1743 1461 1815 sibi

225 1879 306 1928 cum
332 1880 375 1928 eo
408 1878 597 1928 commune
623 1861 732 1942 esset,
769 1849 964 1926 admonuit.
1016 1853 1071 1926 Ac
1104 1852 1233 1950 prima,
1271 1854 1355 1951 quia
1385 1863 1461 1926 tarn

224 1967 453 2040 manifestum
478 1964 676 2063 periculum
701 1973 793 2054 erat,
830 1964 947 2062 ipsum
980 1987 1101 2059 regem
1126 1963 1315 2038 discrimen
1342 1964 1461 2038 subire

176 2098 206 2145 ιι
225 2103 299 2151 ιιοιι
324 2077 476 2176 placuit:
512 2073 578 2148 sed
608 2085 651 2147 ut
677 2075 817 2174 signum
842 2075 932 2148 tuba
957 2073 1083 2148 datum
1107 2086 1179 2166 est,
1210 2076 1267 2149 vir
1292 2074 1462 2150 audaciae

226 2199 415 2288 promptae
447 2209 642 2261 conversus
674 2185 721 2259 ad
754 2185 911 2284 corporis
946 2184 1114 2261 custodes
1148 2187 1249 2285 sequi
1281 2211 1320 2260 se
1353 2187 1462 2278 iubet,

226 2301 432 2400 primusque
465 2297 606 2372 invadit
629 2298 668 2369 in
693 2308 829 2396 rupem.
881 2295 956 2370 Nec
981 2288 1111 2371 deinde
1137 2299 1323 2395 quisquam
1349 2295 1462 2372 Mace

226 2410 361 2486 donum
387 2409 558 2500 substitit,
584 2410 716 2483 relictis
741 2410 954 2483 stationibus
974 2433 1039 2482 sua
1055 2419 1184 2507 sponte
1202 2433 1323 2508 regem
1341 2433 1463 2506 seque·
1519 2467 1522 2474 .

179 2523 371 2596 labantur.
410 2519 606 2595 Multorum
632 2520 841 2594 miserabilis
867 2521 934 2593 fuit
950 2545 1064 2611 casus,
1091 2546 1181 2616 quos
1199 2546 1245 2593 ex
1270 2531 1464 2619 praerupta

227 2659 316 2732 rupe
343 2635 463 2732 lapsos
490 2632 604 2706 amnis
631 2631 887 2734 praeterfluens
913 2632 1048 2722 hausit,
1087 2633 1190 2704 triste
1222 2633 1464 2730 spectaculum

227 2745 335 2818 etiam
369 2771 446 2818 non
478 2742 778 2843 periclitantibus;
820 2768 901 2816 cum
936 2767 1022 2815 vero
1058 2743 1173 2816 alieno
1210 2744 1338 2831 exitio,
1380 2741 1464 2839 quid

227 2855 312 2954 ipsis
335 2854 537 2928 ,timendum
563 2856 665 2944 foret,
692 2853 979 2944 admonerentur,
1005 2856 1042 2927 in
1064 2867 1199 2926 metum
1224 2854 1465 2928 misericordia

180 2986 210 3034 1³
229 2991 344 3056 versa,
370 2991 454 3040 non,
471 2966 660 3056 extinctos,
680 2965 751 3044 ,sed
777 2967 987 3063 semetipsos
1013 2964 1228 3040 deflebant.
1256 2963 1395 3038 Etiam
1420 2991 1463 3039 eo

227 3087 440 3177 perventum
457 3086 546 3167 erat,
572 3076 668 3151 unde
695 3078 770 3151 sine
797 3076 950 3174 pernicie
976 3076 1043 3148 nisi
1069 3075 1224 3151 victores
1250 3076 1366 3150 redire
1392 3103 1464 3150 non

153 3227 160 3238 ·
227 3199 385 3288 possent,
410 3189 571 3287 ingentia
591 3214 682 3263 saxa
698 3190 734 3262 in
751 3189 945 3263 subeuntes
972 3188 1266 3284 provolventibus
1292 3189 1463 3280 barbaris,

227 3303 305 3398 quis
337 3301 490 3400 perculsi
521 3300 679 3376 instabili
710 3311 748 3374 et
779 3299 913 3373 lubrico
944 3296 1061 3395 gradu
1092 3299 1303 3396 praecipites
1334 3298 1464 3374 recide·

181 3432 213 3480 ιι
231 3413 328 3486 bant
381 3410 582 3485 Evaserant
614 3423 734 3485 tamen
765 3409 973 3484 Alexander
1005 3421 1041 3484 et
1074 3407 1227 3499 Charus,
1263 3435 1352 3506 quos
1384 3437 1465 3484 cum

263 3617 285 3682 ξ.
295 3619 319 3667 8,
346 3615 494 3684 clamorque
502 3617 638 3678 namtas,
648 3615 727 3666 tader
735 3613 832 3665 alacri·
865 3611 936 3686 Flos.
959 3609 1057 3666 DFGI.
1092 3611 1207 3666 Videtur
1229 3630 1257 3666 re
1278 3629 1341 3666 vera
1366 3613 1465 3667 ctam

228 3685 302 3754 totis]
337 3681 435 3762 llescio
455 3679 521 3752 quid
541 3681 577 3735 sit
593 3681 664 3762 quod
681 3679 830 3762 codd3l'era
865 3679 952 3734 fnisse.
1261 3751 1287 3762 ..
1353 3733 1355 3736 .

228 3767 319 3831 omnes
346 3759 416 3804 mter
441 3767 518 3805 voces
544 3761 672 3804 exaratus
700 3759 727 3802 et
752 3751 831 3802 andex
899 3750 1465 3832 §.12malarumyqaqrcbrlajuucqsqs]

228 3817 832 3958 transtretantes
865 3817 1236 3968 ”stanneus
1261 3818 1465 3969 ιιιειιιι

227 3955 361 4080 tlltt.
381 3955 499 4009 ΜΕ
544 3955 625 4106 ,Μ’
643 3955 666 4008 ¹³
685 3957 831 4026 ‘lm‘
865 3955 1465 4104 ttttltt‘lttpt·lltlttcll}

224 4096 334 4234 perdidt?
344 4093 832 4233 sbdxilldd'qddbiiqiriiisimililegidllbceb
865 4102 1068 4240 mpqumnquis
1083 4165 1215 4233 perculsa]
1251 4161 1296 4215 Sic
1313 4171 1385 4216 recte
1403 4181 1465 4217 eon-

232 4240 241 4283 1
263 4233 344 4284 Bern.
362 4230 388 4283 Δ
405 4229 477 4285 Flor.
494 4231 528 4283 A.
866 4240 964 4284 recerat
990 4230 1156 4284 scribendum
1179 4231 1297 4284 Freinsh.
1325 4249 1373 4301 pro
1396 4232 1466 4302 vulg.

265 4301 304 4354 Ca
325 4305 394 4365 Ao,
413 4303 437 4368 §.
454 4305 477 4353 9.
496 4301 606 4381 ⁸delegit
659 4301 733 4368 clepit
761 4297 831 4352 Flor.
883 4301 923 4364 ui,
951 4301 1025 4380 quod
1042 4299 1184 4370 ancipitem
1201 4299 1357 4353 relationem
1376 4301 1465 4380 habet.

230 4318 322 4423 DFGl
337 4367 395 4421 Pal.
409 4376 431 4435 1,
450 4371 511 4438 leqrt
529 4301 677 4422 edrt.llod.
890 4385 990 4421 arcusa
1011 4387 1038 4421 m
1056 4368 1078 4420 F
1079 4368 1127 4422 lor.
1146 4367 1221 4449 Οῐιᾚ
1245 4369 1325 4448 Bam.
1338 4368 1366 4448 'B
1391 4369 1466 4423 loss.

264 4440 338 4505 §.lu
360 4436 475 4506 Clarus]
502 4435 831 4503 elemosinandum
865 4443 949 4504 test,
969 4436 1035 4490 falso
1053 4437 1124 4510 quod
1142 4437 1217 4491 facile
1235 4437 1397 4508 intellrgrtur.
