3388 5032
710 349 905 402 Aermmrx.
1350 325 1423 397 559
1496 331 1498 336 '
1544 300 1548 310 ¹

276 535 301 607 s.
319 533 370 589 33.
404 534 563 613 aeetirnare]
587 536 712 592 aetimare
736 535 829 592 eoieut
853 535 939 591 etium
964 533 1082 609 optimi,
1112 534 1241 590 aetimare
1267 531 1348 588 Flor.
1367 529 1424 589 EG

191 619 278 676 Bern.
296 618 323 674 B
342 617 430 679 Voee.
450 620 481 682 2.
516 619 703 696 diqomdmoe]
720 620 817 692 diqnoe
839 619 918 677 Flor.
936 616 976 679 G.

718 829 831 888 Liber
862 829 903 888 V.

279 955 351 1036 Cep.
372 962 405 1034 1,
430 962 456 1035 §.
477 960 506 1017 2.
543 957 655 1032 Arbela]
680 956 809 1016 Arbelam
827 959 884 1016 iem
901 957 981 1025 libri,
1006 959 1062 1016 nisi
1080 958 1155 1032 quod
1173 957 1322 1014 Harbelam
1340 957 1426 1014 Bern.

194 1044 318 1103 BFior.
337 1045 397 1119 ul,
420 1045 555 1102 berbelam
579 1045 658 1104 Flor.
677 1044 721 1117 E,
749 1045 873 1102 Harbela
891 1043 970 1102 Flor.
989 1045 1030 1102 A.
1065 1043 1169 1100 Arbela
1187 1043 1379 1101 videturesse
1396 1042 1426 1098 in

193 1129 280 1188 Bern.
299 1131 340 1188 A.

279 1217 305 1289 s.
325 1215 355 1272 3.
400 1212 515 1288 Arbela]
536 1214 686 1271 Horbelam
703 1215 782 1273 Flor.
802 1215 876 1274 AFI
893 1214 980 1273 Bam.
998 1214 1040 1285 A,
1056 1214 1195 1271 barlebam
1213 1213 1292 1272 Flor.
1311 1214 1348 1286 B,
1365 1212 1427 1270 ber·

193 1302 279 1358 mlum
296 1299 376 1358 Flor.
394 1298 440 1371 Ε,
463 1299 583 1358 arbelam
605 1299 684 1360 Flor.
703 1297 795 1358 DGH
812 1300 899 1358 Bam.
914 1300 951 1372 B,
974 1299 1105 1356 arbellam
1122 1300 1201 1357 Flor.
1221 1297 1256 1356 C.
1293 1301 1428 1374 corepule·

194 1387 251 1460 rat]
270 1385 428 1460 compulerat
446 1385 525 1443 Flor.
544 1386 575 1443 A
598 1385 684 1442 Bem.
703 1386 744 1458 A,
762 1387 939 1460 compleuerat
955 1385 1036 1442 Flor.
1055 1382 1118 1442 CF.
1284 1389 1287 1394 '

280 1472 306 1545 S.
327 1472 356 1530 4.
401 1471 482 1544 emet]
502 1480 560 1528 erat
577 1471 657 1529 Flor.
669 1469 830 1528 CDEFHI
847 1470 935 1528 Bern.
953 1470 990 1527 Β.
1006 1471 1137 1546 opimam]
1158 1471 1285 1545 optimam
1303 1469 1426 1528 Flauii

193 1555 282 1613 Bern.
294 1555 331 1612 B.
365 1557 435 1629 eiue]
455 1555 546 1613 omitt.
563 1556 644 1615 Flor.
662 1556 767 1614 EFHI
784 1555 871 1613 Bern.
890 1556 927 1613 Β.

277 1641 301 1715 s.
321 1640 351 1697 7.
386 1640 594 1716 aeepmaonu]
611 1643 796 1716 desperatione
813 1641 901 1698 Bora.
920 1640 957 1698 B.
989 1640 1143 1714 Babylona]
1159 1639 1323 1697 Babiioaam
1339 1640 1427 1699 Bem.

196 1724 254 1784 AB
270 1725 351 1784 Fiat.
370 1725 429 1782 AB
446 1733 476 1782 et
492 1725 549 1783 iere
569 1725 650 1784 Leid.
668 1726 756 1786 Voss.
776 1728 803 1799 l,
821 1727 993 1783 ὂαὺίὶὶοηίαω
1010 1725 1111 1800 reliqui
1125 1727 1204 1784 Flor.
1222 1735 1249 1783 et
1267 1725 1335 1784 edit.
1355 1737 1426 1784 vett.

196 1811 406 1890 (Babyloniam)
423 1829 516 1886 ueque
533 1811 570 1869 ed
587 1812 715 1871 Modiam
733 1812 783 1888 qui
800 1811 909 1886 primae
926 1810 1005 1868 dedit
1020 1810 1198 1886 Babylonem.

282 1898 307 1971 §.
326 1897 355 1952 8.
389 1897 547 1970 reparoeoe]
566 1901 718 1972 repperisse
734 1897 815 1955 Flor.
834 1897 866 1954 Η
882 1896 971 1955 Bora.
989 1895 1026 1952 B.

282 1978 355 2056 Cep.
374 1981 403 2054 2,
421 1981 446 2054 ς.
466 1981 517 2038 11.
545 1983 699 2058 fertilitate]
713 1984 844 2058 felicitate
860 1981 940 2040 Flor.
959 1981 991 2039 H
1008 1980 1095 2038 Bern.
1112 1981 1150 2039 B.

282 2068 310 2141 §.
330 2066 381 2127 13.
416 2083 450 2123 ao
467 2068 577 2141 maqno]
595 2085 613 2123 a
630 2087 727 2142 maqno
743 2067 825 2125 Laid.
843 2067 933 2125 Vose.
947 2067 1012 2124 let
1025 2085 1124 2124 omnee
1142 2068 1221 2126 Flor.
1233 2075 1345 2144 praeter
1355 2065 1429 2140 GH,

196 2161 223 2209 et
238 2170 335 2226 maquo
352 2151 427 2208 Mer.
446 2151 516 2209 Ala
534 2152 601 2210 Iun.
627 2153 671 2230 (iu
687 2172 779 2229 marg.
798 2151 829 2230 ii)
854 2171 889 2210 aa
904 2170 1002 2226 maqno
1026 2151 1149 2226 primum
1167 2152 1246 2211 Mod.
1282 2154 1338 2211 duo
1354 2154 1430 2210 milia

196 2246 223 2293 et
240 2238 398 2316 quinqenta]
417 2234 445 2300 Π
463 2245 490 2294 et
506 2235 755 2312 quinqemaBem.
772 2239 805 2295 A
828 2239 907 2296 Flor.
925 2237 995 2308 AB,
1019 2235 1064 2293 11.
1082 2247 1107 2293 et
1124 2241 1269 2312 quinqenta
1290 2238 1370 2296 Flor.
1388 2235 1430 2311 G,

198 2331 228 2378 ut
244 2331 270 2379 et
286 2323 325 2379 L.
343 2322 423 2379 Flor.
440 2321 548 2380 EFHI
564 2322 651 2380 Bern.
669 2324 705 2397 Β,
722 2325 777 2381 duo
794 2332 820 2380 et
837 2324 1037 2399 quinquaqinta
1053 2323 1134 2380 Flor.
1152 2321 1188 2396 Ο,
1205 2333 1234 2379 ut
1251 2333 1276 2379 et
1293 2325 1430 2398 quinqua·

195 2410 273 2482 qinto
290 2407 370 2464 Flor.
389 2407 428 2464 D.
463 2409 563 2465 erneoei
577 2408 654 2483 eunt]
673 2427 779 2466 anenea
794 2417 859 2466 eunt
882 2407 970 2465 Beru.
989 2408 1020 2466 A
1044 2407 1125 2465 Flor.
1143 2409 1175 2467 A
1192 2407 1274 2466 Laid.
1292 2408 1382 2467 Voee.
1403 2409 1430 2482 1,

198 2495 280 2549 merei
294 2502 358 2550 eunt
375 2492 454 2551 Flor.
472 2491 556 2552 CDE
572 2512 593 2551 a
609 2513 652 2569 pr.
668 2515 707 2552 m.
728 2494 782 2568 FI,
799 2495 876 2551 mirei
891 2500 955 2550 eunt
971 2491 1052 2551 Flor.
1071 2492 1102 2551 Η
1119 2493 1205 2550 Ber-u.
1219 2494 1255 2550 B.

285 2578 312 2652 ς.
333 2579 384 2636 14.
430 2577 649 2654 Gordyaeorum]
678 2578 876 2638 Gordiaeotum
899 2576 981 2635 Laid.
1004 2577 1093 2636 Voss.
1113 2581 1127 2635 1
1154 2579 1241 2636 Bern.
1260 2580 1309 2652 A,
1331 2580 1431 2654 qordio

200 2681 292 2720 eorum
309 2662 389 2722 Flor.
407 2663 477 2734 AB,
491 2665 702 2737 qordeaneorum
718 2664 798 2722 Flor.
809 2663 869 2721 ΕΗ
887 2663 976 2720 Beru.
994 2662 1032 2736 Β,
1047 2665 1164 2737 qordian
1181 2683 1282 2738 eorum,
1301 2665 1380 2722 Flor.
1395 2661 1431 2736 Ο,

198 2749 323 2823 qordram
339 2767 432 2806 eorum
449 2749 529 2808 Flor.
548 2747 589 2820 G,
609 2752 804 2822 qordionorum
826 2748 906 2808 Flor.
925 2747 1001 2806 DEI
1024 2757 1054 2806 et
1069 2749 1206 2808 editiones
1224 2759 1293 2808 vett.
1327 2751 1428 2824 arliae]

201 2831 251 2892 Sia
266 2833 354 2892 Bern.
373 2836 404 2894 A
421 2835 503 2893 Flor.
521 2833 633 2894 ABOE
649 2854 667 2892 o
684 2855 727 2912 pr.
744 2855 795 2907 m.,
811 2837 915 2892 aretine
931 2833 1044 2909 reliqui.
1079 2836 1184 2909 coeunt]
1204 2843 1334 2912 quaeunt
1349 2835 1431 2892 Leid.

201 2918 290 2979 Vose.
306 2921 335 2993 1,
353 2929 471 2994 qreoeunt
487 2920 567 2978 Flor.
586 2919 627 2994 A,
645 2940 698 2995 quo
715 2923 789 2978 eunti
804 2920 890 2977 Beru.
908 2920 976 2977 Aa
992 2937 1035 2994 pr.
1053 2939 1102 2992 m.,
1125 2920 1237 2978 oobeunt
1254 2920 1333 2980 Flor.
1352 2917 1388 2979 C.

286 3006 312 3078 s.
334 3004 383 3063 15.
423 3007 576 3081 appellant]
601 3015 697 3064 oooant
713 3006 776 3064 edd.
794 3014 864 3065 vett.
888 3005 959 3064 ΑΒ.
981 3004 1048 3062 Iun.
1082 2999 1254 3087 irrumpunt]
1272 3009 1433 3081 inrumpunt

201 3089 288 3148 Bora
306 3091 338 3147 A
354 3089 435 3149 Flor.
454 3092 486 3148 A
502 3099 532 3148 et
546 3091 628 3149 Leia
645 3090 735 3150 Voso.
757 3092 784 3149 1.

286 3178 312 3250 §-
333 3173 383 3236 16.
417 3177 553 3250 Merenda]
574 3173 794 3235 Siouoetrorum'
811 3177 891 3236 oodd.
908 3177 989 3236 Flor.
1004 3176 1037 3235 A
1053 3176 1140 3234 Bern.
1155 3176 1196 3248 A,
1213 3177 1335 3232 memnim
1352 3176 1432 3234 Flor.

201 3259 249 3332 G,
274 3263 390 3318 menium
406 3260 487 3320 Flor.
504 3261 624 3335 BEHI,
652 3267 782 3320 moenium
793 3262 893 3321 Rern.
910 3261 953 3334 B,
982 3280 1096 3319 naeinam
1118 3262 1197 3320 Flor.
1213 3261 1286 3333 DF,
1314 3262 1434 3318 mennini

201 3348 280 3405 Flor.
304 3342 339 3404 Ο.
373 3347 519 3404 biennium
541 3348 609 3405 edit.
634 3368 676 3424 pr.
712 3349 862 3406 Maenium
878 3349 951 3406 Ald.
975 3347 1041 3405 Iun.
1077 3349 1194 3404 Mennim
1211 3346 1292 3405 Mod.
1310 3356 1340 3404 et
1357 3343 1432 3404 Sue·

201 3432 286 3490 kenb.
312 3428 362 3507 qui
379 3431 420 3488 eic
437 3431 466 3489 in
484 3431 559 3491 Meo.
577 3452 641 3491 esee
658 3434 760 3506 tradit,
788 3442 900 3508 praetor
916 3433 1006 3491 Voss.
1037 3433 1054 3488 2
1093 3435 1225 3490 biennum
1242 3431 1432 3490 exhibentem.

202 3519 293 3575 bitum
314 3519 368 3574 uim
385 3518 509 3592 effundit]
529 3519 574 3576 bit.
588 3521 684 3594 fundit
700 3523 753 3576 vim
771 3519 851 3577 Flor.
870 3517 956 3586 cffl,
974 3521 1105 3592 inqeotem
1122 3518 1259 3575 bituminis
1270 3519 1367 3593 suadit
1384 3535 1433 3574 ur-

201 3622 257 3660 mee
273 3601 352 3660 Flor.
369 3601 464 3660 DEF.
491 3605 589 3677 suadit
605 3623 741 3661 armenem
765 3613 881 3662 notatur
898 3622 936 3662 ex
952 3603 1016 3661 Pul.
1038 3605 1065 3659 1.
1099 3605 1229 3663 tmertttoe
1246 3605 1315 3677 eree]
1341 3603 1431 3663 interl.

196 3691 286 3764 suioee
302 3686 382 3744 Mod.
399 3687 466 3747 edit.

288 3770 362 3848 Cap.
381 3773 419 3846 3,
449 3775 476 3847 §s
497 3774 548 3831 17.
587 3774 742 3849 Babylona]
770 3775 927 3850 babylonam
951 3775 1038 3832 Bern.
1056 3775 1087 3832 A
1113 3774 1190 3832 Flor.
1216 3774 1246 3831 A
1269 3773 1350 3831 Laid.
1385 3772 1433 3830 ba·

203 3860 336 3933 byllonom
353 3857 444 3916 Voss.
466 3859 499 3932 1,
524 3859 683 3916 babiloniam
701 3878 724 3917 s.
742 3861 913 3918 babiloniam
930 3860 1032 3935 reliqui
1050 3859 1156 3931 nostri,
1180 3868 1292 3936 praeter
1308 3857 1432 3917 Flor.B

203 3943 253 4018 qui
269 3943 433 4018 babylonem,
450 3951 483 4001 ut
500 3944 588 4020 vulgo
604 3945 706 4002 editur.

289 4030 314 4102 s.
335 4029 383 4085 18.
426 4030 552 4103 illuetrie]
579 4032 702 4086 inlustris
726 4029 810 4086 Bern.
829 4031 860 4088 A
885 4032 962 4088 Flor.
981 4032 1021 4089 A.
1050 4035 1183 4108 fatuaque
1200 4032 1292 4105 mam]
1305 4032 1434 4106 fameque

204 4115 233 4171 in
251 4114 329 4171 Flor.
346 4112 383 4186 B,
392 4115 542 4188 famaeque
558 4118 637 4172 etiarn
655 4116 680 4172 F
683 4116 732 4172 ior.
750 4114 789 4174 G.

290 4201 315 4272 ς.
334 4199 386 4257 21.
422 4202 615 4273 equorumque]
635 4219 763 4274 equorum
785 4200 1175 4260 Bem.BFlor.DEFH1.
1210 4202 1297 4260 leonm
1314 4202 1431 4278 quoque]
1526 4273 1530 4284 .

205 4288 345 4358 leonesque
362 4283 441 4341 Flor.
459 4281 528 4348 CH,
544 4285 683 4359 leonesque
701 4305 805 4360 quoque
823 4286 901 4344 Flor.
919 4287 987 4360 DF,
1004 4290 1091 4344 leones
1109 4297 1133 4342 et
1151 4288 1236 4344 Bern.
1251 4288 1287 4345 B.

291 4372 315 4442 S.
334 4371 384 4428 23.
418 4361 531 4450 deinde]
549 4371 611 4426 dein
628 4371 707 4428 Flor.
725 4371 789 4432 DF.

292 4453 366 4530 Cep.
386 4456 416 4526 4,
433 4455 460 4527 §.
480 4455 530 4511 24.
566 4458 694 4529 uetustae]
713 4465 840 4514 oeouetae
857 4456 945 4516 Voee.
964 4459 998 4532 2,
1020 4459 1136 4515 additur
1151 4458 1228 4534 apud
1247 4455 1390 4516 Snukenb.
1408 4465 1437 4516 et
