3324 5054
542 325 591 376 na
619 322 747 376 onsrrs
774 324 883 376 anax.
911 327 960 396 rv,
983 326 1027 378 ar.
1194 343 1197 358 ·
1369 309 1417 380 97

166 514 393 590 occasionem
428 507 507 580 rati.
573 501 647 580 Sed
685 509 801 581 acrius
843 534 951 604 quam
986 513 1208 584 constantius
1244 514 1417 610 proelium

164 625 342 698 inierunt:
369 619 501 715 quippe
527 628 570 690 ut
595 617 834 700 Macedonum
860 619 962 716 signa
987 619 1179 718 circumagi
1204 621 1337 711 videre,
1363 647 1416 696 re·

165 741 277 831 pente
303 731 436 802 sistunt
462 727 624 826 gradum.
678 729 824 824 Iamque
851 726 897 800 ad
923 753 1045 826 regern
1071 733 1320 827 proeliantium
1348 731 1415 802 cla·

163 867 249 915 mor
274 850 498 938 pervenerat,
524 865 606 912 cum
634 838 833 911 denuntiati
859 841 1008 936 periculi
1032 841 1129 913 haud
1155 868 1241 916 sane
1267 867 1414 933 memor,

164 953 315 1024 loricam
339 965 478 1041 tamen,
504 976 612 1048 quam
638 974 720 1022 raro
747 947 935 1038 induebat,
961 951 1082 1022 amicis
1110 954 1293 1026 orantibus
1321 979 1414 1026 sum·

112 1081 145 1129 rs
164 1063 251 1160 psit,
265 1071 302 1135 et
315 1059 362 1133 ad
387 1063 503 1161 prima
529 1056 831 1158 signa'pervenit
872 1056 952 1147 Quo
978 1071 1171 1160 conspecto
1191 1063 1309 1136 Arabs
1336 1063 1410 1160 qui-

164 1172 254 1245 dam
268 1170 376 1247 Darei
401 1173 513 1260 miles,
538 1171 656 1243 maius
682 1172 828 1244 fortuna
852 1196 919 1243 sua
942 1171 1079 1244 facinus
1106 1196 1225 1263 ausus,
1253 1173 1412 1271 gladium

162 1285 296 1383 clypeo
329 1293 474 1383 tegens,
518 1281 621 1377 quasi
661 1281 849 1379 transfuga
886 1281 1036 1378 genibus
1070 1284 1164 1380 regis
1197 1283 1411 1358 advolvitur.

111 1415 143 1462 rs
162 1394 231 1470 Ille
266 1418 455 1492 assurgere
489 1393 702 1490 supplicem,
737 1392 918 1489 recipique
953 1393 1045 1464 inter
1079 1416 1163 1466 suos
1198 1395 1309 1467 iussit.
1361 1394 1414 1467 At

161 1507 343 1580 barbarus
369 1502 489 1602 gladio
516 1513 663 1576 strenue
688 1503 726 1574 in
753 1500 920 1576 dextram
945 1502 1130 1594 translato,
1150 1506 1324 1578 cervicem
1351 1529 1412 1604 ap·
1491 1605 1492 1608 Ἴ
1579 1601 1585 1612 ⁸

161 1619 261 1716 petit
289 1616 403 1712 regis:
438 1615 500 1710 qui
531 1613 664 1710 exigua
698 1614 857 1711 corporis
890 1613 1144 1688 declinatione·
1161 1616 1295 1690 evitato
1328 1617 1411 1706 ictu,

160 1729 205 1799 in
236 1749 371 1798 vanum
403 1749 550 1798 manum
580 1723 726 1796 barbari
758 1725 895 1823 lapsam
922 1734 1085 1822 amputat
1109 1725 1244 1823 gladio,
1277 1727 1412 1800 denun-

161 1837 259 1911 tiato
283 1837 321 1910 in
345 1838 446 1910 illum
472 1835 567 1909 diem
593 1835 763 1933 periculo,
775 1846 819 1908 ut
844 1836 1086 1909 arbitrabatur
1109 1837 1196 1934 ipse,
1211 1837 1409 1915 defunctus.

109 1969 140 2016 rr
161 1947 259 2040 Sed,
292 1958 335 2022 ut
360 1948 506 2046 opinor,
540 1945 748 2020 inevitabile
780 1955 837 2018 est
861 1947 985 2018 fatum.
1039 1943 1180 2044 Quippe
1206 1947 1291 2020 dum
1317 1949 1411 2020 inter

160 2061 342 2158 primores
368 2056 569 2157 promptius
596 2055 752 2148 dimicat,
765 2057 896 2154 sagitta
920 2057 1012 2129 ictus
1039 2068 1111 2131 est:
1138 2081 1246 2154 quam
1270 2083 1337 2156 per
1360 2059 1410 2133 lo-

158 2170 277 2242 ricam
301 2167 484 2258 adactam,
517 2175 674 2240 stantem
699 2167 737 2238 in
763 2167 913 2241 humero
939 2167 1106 2260 medicus
1124 2170 1199 2244 eius
1225 2168 1410 2267 Philippus

107 2300 141 2349 rs
160 2281 297 2354 evellit.
350 2279 529 2352 Plurimus
564 2276 702 2352 deinde
730 2280 876 2377 sanguis
910 2305 1055 2354 manare
1082 2279 1409 2376 coepit,01nnibus

158 2391 316 2480 territis,
342 2391 427 2487 quia
451 2415 542 2480 non,
577 2414 686 2486 quam
711 2389 784 2462 alte
809 2379 1035 2487 penetrasset
1059 2390 1187 2480 telum,
1213 2389 1323 2462 lorica
1347 2390 1409 2464 ob·

141 2513 301 2592 stante,
334 2508 589 2599 cognoverant
643 2498 740 2598 Ipse,
772 2525 819 2572 ne
846 2499 917 2572 oris
944 2498 1088 2596 quidem
1114 2499 1232 2573 colore
1258 2509 1406 2591 mutato,

105 2633 137 2680 ra
157 2612 338 2711 supprimi
370 2611 581 2710 sanguinem
617 2619 655 2684 et
685 2610 816 2683 vulnus
856 2609 1007 2708 obligari
1045 2611 1157 2684 iussit
1218 2609 1290 2682 Diu
1323 2621 1407 2684 ante

155 2725 242 2822 ipsa
268 2723 370 2821 signa
394 2723 455 2795 vel
481 2719 715 2812 dissimulato,
729 2722 788 2794 vel
803 2721 898 2794 victo
924 2720 1048 2794 dolore
1073 2721 1298 2819 perstiterat3
1325 2747 1408 2795 cum

155 2857 376 2931 suppressus
407 2833 515 2930 paulo
548 2843 633 2907 ante
660 2833 805 2931 sanguis
838 2830 1116 2966 rrgdicamento,
1149 2858 1219 2929 quo
1245 2841 1406 2905 retentus
1450 2829 1453 2836 ’

194 3000 283 3066 515:
313 3000 435 3068 plodiwn
457 2999 545 3068 clypeo
571 3007 660 3067 teyens
678 3013 769 3050 omnes
804 2997 1017 3068 quandoquidem
1035 2997 1104 3051 baud
1126 2998 1205 3052 dubie
1226 2998 1306 3052 etiam
1323 2997 1407 3052 occidi

154 3065 220 3120 libri
229 3075 347 3135 veterea;
365 3066 769 3138 vulgoclgpeoqladiamteqena
804 3065 922 3120 homines
950 3065 996 3120 teli
1019 3067 1072 3120 ictu
1099 3067 1169 3120 soliti
1196 3075 1266 3120 sunt.
1310 3066 1406 3138 Itaque

154 3136 229 3188 Item
261 3140 338 3206 paulo
366 3144 427 3206 post
458 3145 486 3188 at
518 3136 650 3188 barbarus
676 3135 770 3203 ylode'o
804 3134 914 3205 vulgata
939 3135 1068 3206 scriptura
1094 3135 1219 3188 damnata
1246 3133 1306 3188 dedi
1335 3135 1407 3206 quod

154 3203 240 3274 longe
258 3203 356 3257 rectius
373 3221 454 3274 quam
468 3205 543 3273 qlod.
562 3203 635 3256 aad.
804 3202 930 3256 librorum
955 3203 1070 3274 alioquin
1096 3202 1339 3274 probatissimorum
1360 3221 1407 3256 au·

194 3275 217 3340 5.
238 3277 281 3326 18.
298 3275 361 3342 quta
379 3291 430 3325 noa
462 3289 524 3325 uam
533 3273 585 3323 alte
590 3271 767 3340 penetrasset]
803 3271 928 3325 ctoritate
951 3272 1067 3325 fulcitur.
1103 3275 1134 3324 ln
1155 3289 1208 3343 quo
1229 3271 1252 3324 si
1269 3274 1337 3326 torte
1354 3289 1406 3325 non

155 3339 273 3412 Optime
298 3340 336 3393 sic
356 3358 416 3395 orm
437 3289 513 3393 [isid.
537 3337 685 3418 Florentini
706 3337 766 3405 AB,
803 3339 878 3392 nimis
905 3339 985 3410 longo
1007 3339 1092 3411 spatio
1116 3341 1230 3393 averbo
1247 3340 1406 3412 diremptum

153 3426 251 3531 tlt·
274 3407 602 3530 btttltttllm
624 3407 768 3528 iiiiii
801 3407 1206 3530 {ismiidlitrii'iiiaifili
1232 3407 1405 3530 iiiiii·

152 3545 244 3615 (Hor.
267 3493 297 3598 il
320 3545 400 3598 Rem.
418 3494 460 3613 Bi
476 3543 582 3600 Modica
601 3493 668 3597 idios
691 3543 766 3596 codd.
802 3551 845 3610 28,
864 3551 911 3612 ²⁴5
930 3559 985 3611 vrr,
1004 3549 1046 3612 28,
1065 3551 1107 3598 27.
1142 3518 1213 3597 Itam'
1227 3518 1275 3608 111:
1288 3551 1320 3600 ³2
1333 3518 1406 3599 'attii

151 3622 267 3668 acutus
288 3615 351 3683 quio
377 3631 455 3683 quum
476 3615 530 3666 alte
548 3621 767 3682 penetrasset-
801 3615 846 3666 ille
873 3623 1009 3682 conspectu
1035 3623 1088 3666 tum
1112 3615 1231 3683 primnm
1257 3631 1274 3667 a
1300 3632 1329 3668 se
1355 3615 1406 3667 visi
1445 3679 1446 3683 Ἰ

152 3700 210 3735 aon
233 3692 406 3750 coynoverant
428 3680 525 3749 edidit,
553 3679 766 3734 emendationem
801 3683 965 3735 conteritas.
1060 3691 1061 3694 ’

153 3767 233 3803 mam
247 3744 386 3802 venditans
420 3750 472 3803 nod
487 3767 538 3819 ego
552 3749 579 3802 in
594 3745 766 3802 FlonDFGI
835 3768 867 3802 ne
893 3752 948 3803 oris
970 3751 1072 3819 quidem
1094 3765 1184 3804 omnes
1207 3749 1266 3804 libri
1292 3759 1404 3818 veteres,

153 3817 256 3872 inveni.
268 3767 764 3888 Cumutmiemioneoompimntsscm.
800 3817 846 3870 sed
869 3817 948 3871 etiam
974 3817 1038 3871 edit.
1060 3837 1120 3888 pr.,
1147 3826 1178 3870 ut
1203 3818 1317 3871 nesciam
1335 3820 1404 3871 unde

154 3889 289 3941 nvom
302 3885 394 3940 Flora
404 3903 420 3938 a
424 3884 565 3966 prmdici
575 3885 679 3956 nequit,
689 3884 764 3956 quip-
799 3886 914 3959 Aldinus
930 3886 1017 3940 editor
1034 3887 1106 3957 quod
1120 3885 1214 3940 deinde
1227 3897 1404 3967 propagatum

153 3953 229 4026 pein
239 3953 335 4024 quibus
344 3953 446 4075 sitputo
474 3972 533 4007 uam
543 3956 596 4028 alte
601 3962 765 4022 penetrasset
799 3963 841 4008 est
849 3955 957 4078 ocoeperit
978 3971 1025 4007 aec
1047 3957 1101 4008 oris
1137 3957 1236 4020 ararem,
1256 3955 1305 4007 nrsi
1323 3956 1403 4009 fuerit

899 4043 905 4076 ι

153 4027 382 4094 -ωφιουεναηκ
406 4021 453 4075 lor.
489 4021 764 4091 cognoverunt)omis-
799 4023 827 4076 in
907 4040 937 4078 oe
961 4021 1046 4093 qualis
1067 4031 1109 4076 est
1153 4040 1202 4076 oss.
1221 4021 1302 4086 alter,
1343 4041 1403 4076 uem

153 4109 189 4146 ιο
201 4109 263 4146 non.
281 4090 361 4154 Quod
370 4090 449 4161 vulgo
458 4091 547 4144 editur
555 4091 618 4159 quio
632 4109 765 4156 nunqnam
799 4108 832 4143 ex
839 4091 1162 4146 silentioSnalr.coniicere
1171 4091 1295 4144 debemus
1305 4093 1339 4144 ha
1357 4109 1401 4145 erc

154 4170 213 4213 tm
229 4161 283 4212 alte
295 4169 450 4239 penetrasse
467 4191 501 4200 -
514 4168 687 4229 cognoverunt
705 4175 764 4211 cum
799 4178 854 4213 aec.
889 4162 928 4213 At
946 4159 1050 4214 Modius
1068 4167 1228 4213 correxerat.

154 4245 213 4282 non
229 4227 266 4282 sit
282 4227 331 4281 nisi
353 4228 380 4280 in
402 4245 456 4280 uno
477 4227 548 4281 Flor.
567 4225 604 4295 O,
630 4237 687 4280 turn
709 4227 764 4297 ipsa
793 4234 794 4248 ¹
833 4231 857 4296 5.
886 4235 924 4283 ts.
964 4246 1014 4297 quo
1045 4237 1157 4282 retentas
1187 4238 1260 4290 erut,
1293 4247 1400 4281 menore

154 4297 292 4350 muntia
308 4314 401 4368 parum
422 4297 629 4350 commendatur.
665 4295 764 4360 Quidni
797 4299 901 4366 longius
920 4297 1013 4368 coepit]
1048 4295 1163 4351 Restitui
1186 4296 1309 4350 librorum
1329 4309 1400 4349 vete·

154 4363 229 4417 enim
250 4364 314 4418 alias
340 4364 423 4417 telum
454 4364 509 4417 alte
539 4363 566 4417 in
594 4381 689 4435 eorpus
713 4381 764 4445 per
797 4383 857 4419 rum
874 4366 1039 4436 scripturam,
1058 4383 1137 4436 quam
1151 4365 1229 4436 primi
1242 4365 1331 4418 statim
1345 4364 1400 4417 edi-

154 4431 267 4486 lorieam
283 4434 406 4487 adactum
420 4432 535 4486 viderint
548 4433 669 4486 stultius
683 4441 763 4486 ettam
798 4443 868 4487 toros
896 4435 935 4487 ita
960 4443 1133 4489 correxerunt
1162 4442 1194 4486 ut
1220 4451 1270 4503 pro
1295 4435 1399 4502 tonqtas

1162 4524 1175 4546 ἢ
