3260 5042
227 375 325 430 xvm
709 361 712 368 ’
730 375 954 428 Ῥωνηω.

230 564 439 631 constanter
464 557 501 631 in
526 557 604 658 ipso
628 569 734 633 textu
759 567 902 634 secutus
929 567 995 646 est,
1022 554 1088 628 sed
1105 557 1376 629 annotationem
1392 567 1473 626 non

225 683 311 756 ¹sere·
332 686 556 786 conseripsit,
589 687 657 760 nisi
683 685 745 759 ubi
769 695 832 756 aut
857 681 1038 754 dubitavit
1063 681 1140 778 ipse
1166 691 1232 753 aut
1257 691 1384 754 contra
1409 703 1472 753 oo·

233 807 329 885 dices
364 813 612 914 corrigendum
643 810 792 909 putavit.
843 807 968 904 Itaque
1002 831 1085 880 raro
1120 805 1284 880 codicum
1319 831 1472 878 suorum

223 940 402 1014 lectiones
436 949 601 1013 accurate
636 943 903 1023 commemorat,
944 931 1035 1008 adeo
1063 943 1175 1008 utne
1202 936 1290 1010 satis
1322 932 1471 1032 quidem

221 1077 313 1143 tuto
339 1065 385 1140 de
412 1063 638 1140 similitudine
673 1073 736 1136 aut
769 1061 970 1136 discrimine
1002 1063 1178 1160 ipsorum,
1214 1063 1344 1158 quibus
1380 1085 1471 1136 usus

222 1171 306 1285 est,
340 1193 502 1266 codicum
536 1189 692 1265 iudicare
718 1191 841 1288 possis.
894 1189 936 1264 In
971 1189 1194 1290 praefatione
1227 1190 1471 1288 principatum

216 1321 360 1398 ,tribuit
384 1320 501 1411 libro,
521 1345 627 1417 quem
653 1289 702 1394 ex‘
724 1319 939 1394 bibliotheca
964 1319 1134 1393 ecelesiae
1160 1315 1375 1390 cathedralis
1402 1315 1472 1391 Co·

222 1447 401 1522 loniensis
428 1460 629 1546 acceperat,
655 1449 757 1544 eique
782 1449 949 1538 alterum,
985 1471 1091 1543 quem
1117 1444 1335 1519 bibliotheca
1361 1443 1471 1518 abba·

225 1575 305 1648 -tiae
332 1572 597 1673 Sigebergensis
622 1575 863 1672 praestiterat,
887 1553 1097 1671 postponit,
1132 1595 1260 1644 verum
1285 1597 1333 1646 ex
1348 1585 1471 1645 'anuo-

233 1702 369 1776 tatione
396 1701 443 1776 ad
468 1723 545 1791 vm,
574 1705 595 1773 5
623 1700 715 1799 (ll),
745 1703 790 1773 10
818 1699 927 1773 etad
952 1721 1031 1790 vm,
1061 1702 1082 1774 6
1110 1699 1202 1800 (22),
1232 1701 1280 1772 18
1306 1696 1470 1797 Sigeber·

224 1830 353 1928 gensis
379 1854 462 1902 cum
487 1827 629 1926 optimis
655 1827 786 1902 nostris
811 1828 905 1918 facit,
933 1824 1155 1904 Coloniensis
1172 1828 1321 1926 paulum
1339 1823 1470 1898 discre-

233 1953 545 2057 pat,ncf.ad1v,
579 1955 725 2056 aaa,
759 1957 779 2028 o
814 1965 851 2028 n
876 1954 924 2028 aa
949 1977 999 2046 ιν,
1028 1938 1170 2053 aaa),
1199 1956 1258 2028 aa.
1294 1951 1471 2028 *rextum

222 2071 441 2158 Medianum
466 2084 598 2181 quippe
622 2107 670 2155 ex
690 2084 780 2156 libro
800 2083 954 2156 melioris
971 2082 1134 2172 familiae,
1153 2082 1313 2156 vforsitan
1330 2078 1470 2171 eodem,

223 2212 296 2308 squi
321 2189 418 2284 nunc
441 2209 623 2284 Leidensis
650 2219 714 2282 aut
739 2208 935 2316 Vossianus
962 2211 1294 2308 prior-appellatur,
1321 2208 1471 2282 ductum

224 2339 383 2437 vulgato
409 2339 516 2436 longe
539 2347 723 2437 praestare
749 2346 786 2410 et
811 2337 932 2435 utique
953 2339 1064 2412 talem
1085 2363 1174 2429 esse,
1201 2333 1316 2437 qualis
1334 2333 1471 2410 siinde

235 2491 257 2540 a
290 2466 449 2565 principe
489 2466 643 2540 editione
675 2475 893 2564 propagatus
933 2475 1047 2554 esset,
1089 2466 1216 2539 melius
1256 2464 1321 2539 de·
1345 2463 1469 2540 Curtio

235 2604 330 2666 esset
355 2594 565 2684 iudicatum,
597 2593 774 2667 neminem
804 2590 909 2666 hodie
941 2617 1021 2666 esse
1055 2603 1144 2692 puto
1171 2594 1258 2690 quin
1283 2593 1469 2691 intelligat,

233 2731 426 2819 postquam
458 2720 671 2796 emendandi
702 2723 817 2794 fontes
850 2721 964 2819 aperti
996 2731 1091 2792 sunt
1150 2717 1223 2794 Sed
1258 2721 1320 2794 illa
1351 2729 1469 2793 aetate

233 2873 306 2921 non
334 2849 551 2922 intellectum
578 2859 647 2922 est:
674 2859 769 2922 certe
795 2849 854 2944 qui
880 2858 1008 2947 postea
1034 2823 1082 2921 ad
1108 2847 1288 2921 edendum
1306 2846 1469 2922 Curtium

222 2973 615 3074 ‘accesserunt-parum
647 2977 910 3054 intellexerunt
961 2974 1055 3049 ‘Eius
1090 2977 1142 3050 rei
1176 3001 1287 3050 eausa
1312 2977 1358 3049 *in
1390 2975 1469 3074 ipso

234 3100 356 3176 Modio
382 3104 452 3177 sita
477 3115 543 3177 est
595 3101 794 3176 Admiscuit
825 3104 919 3176 enim
949 3103 1141 3202 praeclaris
1167 3103 1388 3203 integerrimi
1414 3127 1469 3174 co·

236 3229 563 3306 dicislectionibua
589 3232 701 3303 multa
735 3231 880 3304 inventa
914 3257 980 3305 sua
1011 3243 1146 3304 temere
1181 3232 1390 3329 excogitata
1413 3230 1469 3302 iis·

235 3382 315 3456 que,
342 3368 384 3430 ut
408 3360 482 3434 fere
508 3359 559 3450 fit,
586 3359 698 3455 magis
724 3359 877 3432 laetatur
903 3383 945 3432 ac
970 3358 1146 3458 gloriatur
1171 3358 1208 3430 in
1226 3359 1468 3447 annotatione,

236 3510 344 3582 quam
370 3510 462 3582 quae
487 3486 634 3559 feliciter
660 3511 707 3559 ex
732 3487 829 3559 libris
854 3511 937 3558 mss.
971 3487 1160 3559 restituere
1184 3485 1347 3584 contigit
1401 3481 1468 3574 Qui

236 3637 317 3686 cum
342 3612 388 3686 de
407 3614 624 3688 coniecturis
651 3614 723 3688 suis
750 3595 934 3711 magnifice
967 3614 1101 3686 sentiat
1132 3623 1171 3686 et
1195 3613 1365 3686 conviciis
1391 3639 1469 3710 pro·

145 3841 148 3846 Ι
236 3739 378 3814 scindat
403 3742 602 3839 quicunque
627 3742 730 3814 aliter
755 3742 887 3814 sentire
913 3741 1088 3830 audeant,
1115 3742 1317 3839 {ungesque
1343 3765 1386 3814 ac
1411 3741 1469 3814 sti-

236 3867 329 3966 pites
364 3869 538 3966 appellet,
573 3869 618 3942 de
654 3893 739 3941 vera
773 3869 994 3966 singulorum
1026 3869 1186 3942 locorum
1222 3868 1470 3942 emendatione

226 4020 286 4068 ex
311 3996 411 4068 libris
437 4021 521 4069 mss.
549 3994 656 4069 ducta
681 3997 755 4069 fera
781 3998 876 4086 silet,
913 4021 979 4069 nec
1004 3996 1125 4093 inique
1151 3997 1290 4068 laturus
1317 3994 1469 4086 videtur,

238 4123 268 4195 si
295 4123 403 4196 etiam
419 4120 518 4196 'haec
544 4125 661 4221 operis
687 4149 770 4220 pars
804 4124 915 4220 ipsius
942 4124 1086 4222 ingenio
1114 4122 1350 4197 adscribatur.
1403 4123 1468 4196 Ita·

238 4275 315 4346 que.
340 4251 509 4324 vanitatis
546 4262 652 4347 atque
688 4250 965 4346 importunitatis
1000 4275 1075 4323 non
1110 4275 1258 4348 prorsus
1295 4251 1468 4324 immerito

237 4377 329 4451 hano
354 4403 508 4476 poenam
534 4387 745 4452 consecutus
778 4389 847 4468 est,
879 4388 1028 4451 utrum
1064 4378 1254 4476 pleraeque
1286 4379 1363 4452 eius
1390 4401 1466 4451 con-

237 4505 403 4598 iecturae,
431 4531 519 4604 quas
546 4517 763 4603 exposuerat
787 4506 823 4577 iu
849 4507 1092 4596 annotatione,
1120 4515 1157 4578 et
1180 4507 1226 4578 ab
1245 4507 1323 4578 aliis
1343 4507 1467 4604 impro-
