3350 5042
194 257 269 328 284
664 275 698 339 Q·
725 275 959 329 cunensem

191 478 316 534 rursus
357 455 544 530 tormentis
589 457 757 552 admotis,
802 485 883 536 cum
926 461 1012 558 ipsis
1051 485 1194 557 quoque
1233 458 1361 532 hastis
1407 481 1453 530 os

153 661 161 677 ι
192 564 386 662 oculosque
412 568 487 640 eius
514 572 776 663 everberarent,
802 595 1021 668 expressere,
1035 579 1077 641 ut
1102 570 1170 641 hoc
1197 595 1350 667 quoque
1380 569 1453 640 ori·

191 701 274 750 men
301 679 540 754 confiteretur.
593 681 827 778 Exigentibus
854 677 1000 768 deinde,
1026 691 1067 750 ut
1092 678 1254 751 ordinem
1281 680 1452 776 cogitati
1473 695 1507 745 ιι

191 787 334 862 sceleris
367 803 580 898 exponeret,
613 817 693 864 cum
726 790 786 862 diu
813 789 942 862 Baetra
974 800 1159 862 retentura
1185 813 1305 885 regem
1336 789 1453 861 vide·

190 911 325 990 rentur,
353 900 515 982 timuisse¹
540 901 733 997 respondit,
760 925 804 972 ne
830 911 1023 997 paternxx
1049 913 1157 975 natus
1184 925 1309 990 annes,
1341 901 1452 972 tanti

189 1013 369 1085 exercitus
396 1011 488 1098 dux,
522 1021 642 1083 tentae
670 1011 839 1107 pecuniae
866 1023 1002 1100 custos,
1035 1013 1177 1086 interim
1204 1013 1454 1110 extinguere·

192 1133 269 1210 tur,
303 1121 456 1217 ipsique,
490 1120 642 1216 spoliato
669 1123 777 1194 tentis
808 1121 964 1211 viribus,
990 1121 1174 1194 occidendi
1201 1125 1296 1219 regis
1322 1148 1455 1196 causa

189 1255 263 1304 non
290 1239 395 1301 esset.
448 1227 648 1304 Festinasse
675 1257 760 1330 crgo
787 1258 835 1322 se,
863 1231 948 1305 dum
975 1233 1174 1332 praemium
1199 1233 1235 1304 in
1262 1235 1450 1306 menibus
1471 1256 1509 1302 ss

188 1341 353 1429 heberet,
389 1355 656 1439 repraesentare
689 1347 889 1436 consilium,
930 1347 1030 1419 cuius
1065 1355 1206 1442 petrem
1241 1355 1450 1441 expertem

185 1451 296 1526 fuisse
322 1451 390 1526 nisi
416 1453 611 1545 crederent,
631 1467 817 1546 tormonte,
836 1481 1051 1554 quamquem
1076 1455 1148 1528 iem
1174 1457 1330 1529 tolerare
1356 1481 1449 1530 non

183 1711 786 1851 tttttsffitf‘tttttttssettt
818 1707 1067 1842 {ileliilf'i'i
1089 1709 1443 1847 §emm

184 1858 296 1910 negare,
320 1849 350 1894 ct
375 1840 512 1920 abquanto
530 1849 592 1910 post
610 1839 711 1920 ‘legitur
731 1843 784 1902 De·
819 1847 856 1896 ed
871 1846 1096 1912 repraesentando
1114 1847 1255 1914 simplicio.

182 1912 291 1963 metr-im
314 1911 361 1978 qui
384 1910 501 1978 proxima
523 1912 628 1962 scetem
650 1912 784 1980 particeps
853 1913 927 1964 creua
972 1923 1055 1964 wrm
1081 1923 1210 1981 expertem
1231 1915 1333 1982 fidere.
1368 1913 1439 1967 Μο-

184 1997 242 2032 eare
258 1979 427 2048 erpuebotur.
818 1979 927 2034 moriam
968 1979 1066 2034 hilotne
1086 1980 1151 2050 ipsis
1169 1982 1317 2036 tortoribus
1334 1983 1438 2036 unde-

218 2049 242 2116 ᾗ.
260 2053 302 2100 tt.
325 2065 382 2099 cren
400 2048 412 2098 i
430 2046 677 2113 sisquepuelostir.
695 2045 784 2126 Vulgo
818 2046 868 2100 lina
901 2047 1015 2101 lacerant
1040 2048 1156 2102 encore
1182 2049 1229 2119 qui
1264 2049 1303 2104 sie
1328 2050 1435 2104 edunt:

181 2115 237 2185 iperi
254 2122 350 2168 centra
367 2063 471 2167 eadee
488 2113 784 2183 clementemque
818 2119 892 2168 cretur
912 2127 1016 2186 paean
1028 2118 1121 2186 scrisse
1143 2129 1276 2171 eadem
1298 2120 1354 2170 uiri
1370 2137 1435 2171 cre-

181 2181 247 2236 nibil
265 2183 387 2246 interest,
410 2198 470 2234 nam
489 2179 553 2258 quin
570 2179 616 2249 ipsi
635 2181 699 2234 illud
717 2183 783 2235 scee-
817 2187 915 2237 tinent.
951 2183 1022 2248 Quid
1040 2183 1129 2236 enim?
1157 2185 1237 2249 Quod
1255 2185 1294 2239 illi
1312 2185 1435 2241 libenter

76 2271 79 2278 ·
180 2252 237 2305 rint
253 2250 422 2320 inquisitores
440 2248 548 2300 dubium
559 2265 609 2300 non
620 2257 668 2300 est.
687 2249 783 2302 Hestes
817 2253 860 2304 vel
868 2253 1006 2305 mentienti
1015 2252 1141 2306 credituri
1151 2253 1273 2320 fuissent,
1287 2254 1349 2306 idne
1357 2254 1432 2309 lilius

180 2319 324 2388 gestabant
332 2317 446 2370 muneris
462 2314 573 2384 insignis
582 2323 714 2385 tamquam
723 2333 783 2370 cor·
816 2335 844 2372 ee
867 2329 988 2389 peretum
1010 2320 1082 2373 dicet
1098 2321 1225 2374 adventu
1244 2331 1347 2392 putrem
1366 2331 1430 2376 tor-

218 2387 252 2439 ris
279 2385 345 2455 regii
371 2385 501 2438 custodes.
544 2384 705 2452 Eqrreeere
732 2386 783 2439 boe
816 2388 911 2440 mentia
928 2387 1106 2441 confirmare?
1141 2389 1200 2442 Vae
1218 2389 1373 2461 impietatis,
1392 2393 1430 2445 ob

171 2473 240 2514 ,oce
259 2473 312 2526 quo
330 2470 382 2522 ege
405 2451 480 2524 posui
502 2451 657 2506 eellocstum
681 2461 738 2506 eret
755 2454 782 2506 iu
815 2471 893 2575 poam
917 2455 999 2509 solam
1022 2456 1137 2576 tuffiiter
1159 2457 1246 2528 perire
1268 2469 1429 2513 mereretur.

140 2515 258 2585 e'sl'oes.
280 2531 289 2576 t
311 2522 391 2576 Bere.
409 2523 435 2574 A
452 2520 523 2574 Flor.
542 2519 624 2572 ABG.
842 2521 898 2602 tqbi
917 2543 970 2578 non
986 2532 1027 2576 est
1045 2525 1053 2576 i
1106 2543 1159 2576 vox
1177 2535 1311 2579 tractorem
1328 2527 1356 2580 in
1370 2528 1430 2582 ullo

214 2597 239 2658 s.
257 2598 300 2646 ³2.
335 2592 403 2642 tami
429 2592 556 2642 exercitur
574 2591 635 2640 drrx.
670 2589 781 2642 Addunt
815 2593 916 2658 eedrce,
934 2593 1146 2663 supplementum
1164 2602 1205 2645 est
1222 2595 1349 2673 principia
1366 2597 1426 2648 edi·

178 2660 259 2713 etism
286 2669 375 2712 tentus
401 2659 469 2725 (dex
488 2656 592 2722 tantas)
623 2657 699 2709 codd.
726 2657 780 2709 sere
814 2659 889 2724 toria,
908 2661 1029 2730 quicum
1047 2661 1138 2712 deesse
1152 2661 1427 2730 aliandrecteintel-

177 2727 279 2794 emnes,
297 2725 534 2797 praecernens.
553 2723 684 2802 Sedquid
702 2725 780 2778 iacias
814 2726 924 2794 ligeret,
943 2745 995 2780 non
1013 2743 1046 2779 ex
1065 2726 1153 2780 loreto
1171 2744 1215 2793 re,
1239 2731 1313 2800 quod
1331 2730 1426 2784 neni-

178 2796 227 2850 niai
251 2803 283 2849 ut
306 2795 429 2848 mendum
450 2809 484 2845 ex
511 2801 668 2863 repetitione
700 2809 780 2862 agne-
814 2811 884 2845 mum
911 2795 959 2864 ipsi
986 2745 1126 2847 ridebatur
1152 2795 1264 2849 inser-ait
1310 2797 1425 2862 Quanto

177 2863 253 2920 sm?
814 2861 905 2914 melitis
925 2863 967 2916 vir
983 2864 1074 2916 ἀοαιιι
1095 2863 1141 2932 qui
1159 2863 1233 2918 Flor.
1254 2863 1282 2917 G
1304 2869 1427 2922 correxit

211 2931 348 2987 ooetdme
364 2931 436 2999 repis
453 2945 535 2982 ceree
553 2937 688 2982 cenaret.
706 2927 779 2981 Alias
813 2929 848 2982 ad
868 2929 1014 3009 mmginem
1035 2941 1187 2998 „apem
1205 2934 1307 2986 deest.“
1343 2935 1423 2988 mhi!
1473 2935 1477 2952 '

175 3003 231 3055 sere
248 3003 318 3054 ratio
335 3015 390 3051 non
408 3007 477 3050 esset
494 2995 779 3066 occideremgemdici-
813 3013 875 3049 sene
892 2997 990 3050 felicius
1012 2998 1112 3068 potuit:
1139 3015 1200 3051 nam
1218 2999 1363 3056 verisimile
1380 3005 1423 3070 fit,

176 3079 231 3137 tur,
249 3079 281 3122 ut
299 3067 354 3122 cie
377 3067 404 3119 in
422 3067 498 3118 Verr.
518 3081 537 3132 1,
557 3072 571 3117 9
594 3067 692 3116 minori
713 3066 778 3116 clivi·
812 3065 948 3118 librarium
964 3066 1026 3119 olim
1043 3081 1108 3118 cum·
1117 3077 1222 3134 petrea
1239 3068 1359 3136 vidisset,
1378 3091 1426 3124 ex.

175 3139 281 3193 roribus
293 3139 363 3189 rotie
377 3152 428 3186 non
438 3144 503 3198 eret,
522 3153 547 3203 p.
560 3131 663 3186 Oseee
680 3135 777 3185 nullan
808 3143 906 3202 perterre
924 3134 958 3186 eb
975 3133 1171 3186 similitudinem
1188 3134 1341 3191 litterarum
1355 3141 1425 3192 orni-

175 3223 233 3260 esse
249 3207 377 3258 rationem
395 3205 510 3254 omittere
527 3202 653 3254 eiusmodi
665 3202 778 3252 eccene-
811 3201 881 3252 sissc.
896 3201 1059 3266 Coneedent,
1068 3201 1302 3270 opinor,lnniuset
1310 3207 1423 3261 Medius

176 3293 242 3327 nent.
278 3272 347 3326 Gelli
375 3271 452 3324 hodie
478 3286 586 3349 quoque
611 3268 648 3320 sic
675 3267 777 3334 dicunt,
812 3267 857 3337 qui
887 3285 946 3320 cum
978 3269 1112 3321 diritatem
1148 3270 1266 3340 vulgaris
1298 3274 1423 3328 lectionis

175 3343 195 3397 il
213 3345 288 3412 n'ya
308 3339 384 3412 point
404 3339 438 3390 de
455 3355 542 3390 raison
565 3335 729 3388 d'eseeseiuer
753 3337 777 3388 le
811 3335 1010 3402 intellexissent,
1028 3337 1151 3389 medendi
1160 3355 1238 3390 eeuaa
1251 3342 1279 3390 ri
1296 3342 1422 3396 fecerunt

176 3411 238 3464 1205,
811 3421 843 3456 ex
862 3405 924 3469 nisi,
942 3421 1002 3456 nam
1016 3403 1063 3456 nisi
1076 3404 1141 3472 quid
1154 3406 1287 3473 credatm,
1306 3409 1421 3464 dicimus

211 3483 234 3548 5,
252 3485 295 3532 38.
316 3476 470 3528 inmanibus
480 3475 582 3525 liaberet
599 3470 726 3524 manuscri
744 3472 775 3537 ti,
811 3488 857 3524 noe
886 3479 1018 3524 tormenta
1044 3471 1193 3538 subituros,
1223 3491 1276 3526 nen
1303 3477 1326 3528 si
1352 3479 1420 3548 quid

174 3547 241 3601 editi
263 3553 369 3616 practer
386 3543 460 3594 Mod.
483 3543 586 3593 lederet
603 3541 631 3591 in
650 3489 775 3592 umidis.
809 3539 940 3594 credatur.
975 3538 1077 3590 Deinde
1095 3541 1148 3590 iem
1165 3539 1248 3592 adieci
1271 3552 1337 3595 ante
1355 3548 1420 3596 tole-

175 3617 242 3670 Poet
258 3633 274 3666 r
339 3621 456 3664 eredere
473 3612 608 3662 conciliem
631 3607 704 3660 dedit
725 3607 776 3660 iarn
810 3623 871 3660 rere
888 3623 922 3658 ex
939 3606 1053 3658 BernA
1071 3606 1141 3657 Flor.
1157 3607 1234 3660 ABG
1251 3607 1328 3662 Leid.
1339 3615 1418 3664 Voce.

174 3683 283 3738 Snelren
304 3721 311 3733 .
339 3679 480 3732 secundum
507 3676 581 3729 leid.
607 3677 681 3728 Voss.
704 3681 718 3727 1
746 3687 776 3729 et
811 3684 834 3730 l.
867 3674 1020 3726 Extremum
1039 3674 1146 3725 verbum
1163 3675 1198 3726 ob
1265 3681 1418 3732 mentimur

174 3760 279 3806 nostros
304 3749 386 3802 Bere.
403 3747 429 3798 Α
456 3745 527 3798 Flor.
547 3744 610 3808 AB,
633 3760 650 3795 a
667 3759 720 3812 que
742 3761 776 3797 ne
809 3742 937 3797 rationem
954 3750 1027 3793 reete
1044 3749 1195 3794 correxerat
1239 3742 1299 3796 ldus
1317 3747 1416 3798 secuti-

173 3819 268 3890 reliqui
291 3816 397 3888 quidem
420 3812 532 3866 multum
554 3811 691 3864 discedunt
713 3811 774 3864 dum
809 3827 861 3881 que
879 3807 1044 3860 illum‘ernnt
1054 3807 1143 3859 lunius
1156 3817 1185 3859 et
1195 3809 1311 3876 Medius,
1330 3815 1417 3867 donec

174 3903 315 3958 repensare
331 3883 466 3936 exhibent
490 3878 561 3933 Olim
576 3897 637 3931 rere
649 3879 776 3931 edebatur
810 3895 898 3933 rursus
915 3885 1017 3928 velem
1031 3877 1121 3926 ³⁰³¹&
1131 3889 1263 3929 *ΝΜ
1272 3889 1415 3933 remitte

173 3963 386 4026 repraesentasse
394 3967 452 4004 cum
461 3947 671 4017 interpunctione
679 3945 774 4000 meiere
807 3953 877 3999 suut
913 3945 1025 4011 Iegimr
1042 3951 1130 3994 tamen
1147 3959 1239 3996 revera
1256 3945 1414 4000 sicineodi-

173 4033 233 4097 post
255 4024 372 4084 bobert,
400 4033 468 4088 quse
491 4016 569 4069 lectio
592 4031 671 4066 anum
694 4013 774 4066 habet
807 4015 881 4068 cibus
900 4021 929 4064 ut
947 4011 1051 4062 ridetur
1068 4009 1202 4074 ornndrus,
1221 4013 1268 4062 sed
1285 4016 1411 4068 mendum

173 4101 275 4146 eertum
297 4097 432 4142 auctorem
450 4083 565 4138 FlenG
591 4091 620 4134 et
645 4082 772 4133 ineerturn
807 4091 848 4134 eet
873 4096 906 4130 ex
932 4096 965 4130 ee
990 4093 1170 4155 genereque
1199 4079 1412 4198 sretfflrtimime

173 4163 301 4228 Bongnre
321 4165 344 4208 t.
380 4155 487 4207 Dicttun
506 4161 593 4204 sutem
610 4157 651 4201 est
668 4165 772 4216 reprec-
808 4147 926 4201 librarios
1002 4160 1062 4195 esre
1083 4144 1208 4196 videmus.
1302 4157 1413 4217 regatur

172 4238 276 4283 scetere
294 4243 343 4295 pre
360 4223 463 4292 exequi,
482 4222 509 4274 in
526 4239 543 4272 o
564 4237 593 4270 us
610 4225 638 4268 et
651 4216 772 4268 effectum
807 4215 911 4286 quidem
929 4215 944 4264 l
966 4212 1074 4281 oplrens.
1093 4212 1178 4263 beett.
1198 4213 1268 4264 Tun.
1293 4215 1337 4267 lib.
1357 4231 1376 4282 r,
1387 4235 1410 4269 c.

173 4299 251 4360 dure,
274 4293 466 4363 interpretante
491 4289 511 4340 l.
553 4307 573 4339 r.
591 4283 724 4339 Gmnovio
745 4284 772 4336 in
808 4290 839 4336 rt
856 4287 951 4350 ptos,
969 4280 1014 4331 sed
1031 4295 1099 4348 quae
1117 4278 1194 4330 affert
1207 4282 1410 4352 exeurpdaCon-

172 4366 241 4420 libre
262 4363 296 4416 de
317 4378 372 4433 pec.
394 4367 445 4411 vet
470 4365 498 4422 1,
520 4373 542 4409 e.
560 4363 584 4408 e.
620 4353 706 4406 Ducta
731 4359 773 4404 ert
804 4347 913 4405 iunctiri
930 4365 983 4401 non
999 4348 1137 4416 qurdraot
1161 4345 1295 4417 Necopua
1304 4350 1410 4402 videtur
