3336 5066
600 333 651 382 nn
677 329 806 384 ossum
833 332 943 386 Anax.
970 334 1020 403 vr,
1049 333 1089 380 11.
1211 361 1214 366 -
1389 315 1469 386 241
1564 287 1568 292 Ι

215 517 259 592 Si
291 515 415 590 venire
450 537 490 587 se
517 512 673 606 iuberet,
706 516 784 594 sine
815 524 916 588 metu
947 539 1027 589 esse
1058 527 1261 590 venturum.
1314 515 1397 592 Non
1429 517 1470 592 ti·-

216 641 327 715 mere,
353 649 402 697 ne
427 621 538 697 fidem
563 623 688 698 datam
712 635 837 698 tantus
864 648 931 697 rex
956 625 1127 698 violaret:
1156 623 1245 698 deos
1268 650 1292 697 a
1309 627 1378 700 deo
1395 628 1470 702 falli

162 759 200 807 1s
220 761 295 808 non
313 736 440 810 solere
473 731 644 810 Ceterum
670 732 710 826 si,
738 735 795 807 eui
821 731 929 807 fidem
948 734 1064 826 daret,
1089 734 1274 810 videretur
1291 735 1469 834 indignus,

219 847 335 918 multa
368 847 477 922 exilia
508 858 633 946 patere
665 845 831 942 fugienti:
864 846 1019 942 patriam
1050 869 1147 936 esse,
1180 846 1383 942 ubicunque
1414 848 1471 920 vir

162 957 323 1030 refertis
351 957 475 1034 sedem
501 959 569 1031 sibi
596 957 752 1054 elegerit
799 953 875 1030 Nec
901 954 1082 1029 dubitavit
1116 956 1326 1030 Alexander
1350 954 1469 1048 fidem,

220 1092 293 1165 quo
310 1066 446 1143 Persae
470 1069 580 1142 modo
607 1067 840 1166 accipiebant,
867 1065 965 1158 dare,
992 1067 1213 1158 inviolatum,
1240 1068 1271 1140 si
1298 1069 1457 1142 venisset

220 1179 308 1252 fore.

325 1287 514 1378 Quadrato
545 1299 668 1362 tamen
699 1288 842 1387 agmine
863 1285 906 1362 'et
930 1287 1129 1386 composito
1154 1288 1246 1378 ibat,
1272 1290 1520 1387 speculato-12

165 1417 202 1467 1⁵
218 1425 278 1473 res
305 1399 459 1473 subinde
483 1399 729 1496 praemittens,
757 1400 817 1496 qui
844 1399 1075 1498 explorarent
1099 1400 1188 1475 loca.
1221 1399 1330 1473 Levis
1356 1409 1470 1472 armt-

220 1521 305 1582 tura
329 1508 487 1583 ducebat
511 1532 652 1606 agmen,
679 1509 839 1607 phalanx
866 1533 945 1582 eam
972 1509 1199 1606 sequebatur,
1220 1520 1305 1607 post
1330 1507 1471 1608 pedites

219 1629 324 1692 erant
349 1615 615 1716 impedimenta
663 1618 712 1692 Et
737 1643 827 1717 gens
853 1618 1022 1693 bellicosa
1047 1629 1085 1694 et
1108 1629 1261 1694 naturae
1286 1620 1377 1694 situs
1404 1618 1468 1692 dit

166 1748 203 1797 ro
220 1728 322 1802 fieilis
348 1728 451 1803 aditu
476 1754 601 1802 curam
626 1731 721 1830 regis
746 1731 961 1805 intenderat.
1005 1727 1168 1827 Namque
1193 1741 1370 1830 perpetua
1395 1731 1470 1803 val·

219 1841 273 1913 les
308 1841 419 1932 iacet,
455 1865 570 1938 usque
602 1839 651 1914 ad
685 1866 785 1915 mare
820 1838 990 1940 Caspium
1030 1851 1168 1940 patens.
1228 1840 1312 1916 Duo
1348 1851 1468 1916 terrae

221 1951 297 2024 eius
328 1951 431 2024 velut
463 1950 611 2025 brachia
645 1961 872 2032 excummtz.
893 1951 1012 2027 media
1044 1954 1144 2026 flexu
1175 1949 1318 2025 modico
1351 1953 1471 2026 sinunt

220 2061 367 2151 faciunt,
394 2063 501 2136 lunae
526 2063 683 2137 maxime
710 2064 878 2154 similem,
912 2089 994 2137 cum
1029 2063 1187 2137 eminent
1211 2087 1356 2155 cornua,
1383 2072 1471 2137 noll*

167 2191 202 2239 ιτ
222 2171 310 2246 dum
334 2182 454 2246 totum
480 2173 606 2247 orbem
631 2173 749 2248 sidere
772 2173 953 2272 implente.
1003 2171 1173 2248 Cercetae
1199 2185 1237 2249 et
1261 2173 1405 2274 Mosyni
1422 2182 1470 2254 ‚ret
1511 2235 1518 2244 .

222 2280 404 2383 Chalybes
429 2310 453 2358 a
477 2285 584 2358 laeva
608 2295 710 2377 sunt,
736 2283 782 2358 ab
810 2284 923 2358 altera
948 2295 1051 2382 parte
1077 2283 1272 2384 Leucosyri
1299 2293 1336 2357 et
1360 2287 1469 2358 Ama·

224 2420 355 2468 zonum
390 2396 523 2494 campi;
560 2407 597 2468 et
630 2396 809 2492 illosque
834 2396 952 2493 vergit
985 2395 1034 2468 ad
1060 2391 1366 2492 Septentrionem,
1399 2395 1467 2468 hos

170 2523 205 2573 rs
222 2504 279 2578 ad³
296 2529 465 2580 oceasum
497 2514 673 2580 conversa
703 2516 920 2604 prospectat.
980 2503 1081 2578 Mare
1108 2503 1295 2604 Caspium,
1329 2503 1468 2577 dulcius

222 2616 361 2707 ceteris,
386 2609 543 2716 ingentis
570 2615 825 2716 magnitudinis
851 2627 1036 2714 serpentes
1062 2616 1142 2706 alit;
1177 2616 1327 2714 piscium
1359 2615 1397 2688 in
1423 2629 1466 2689 eo

256 2791 281 2858 ς,
303 2797 345 2845 lt.
381 2792 475 2846 Sedem
492 2793 546 2846 sr'tt‘
563 2793 677 2862 elegerit]
713 2789 831 2844 Mediam
885 2789 957 2844 'llum
973 2791 1043 2844 Aen.
1060 2803 1103 2858 xr,
1119 2795 1169 2844 522
1189 2789 1276 2844 Servii
1293 2791 1374 2844 etiem
1391 2791 1469 2844 seho-

220 2873 314 2912 rooem
336 2858 398 2913 libri
412 2860 464 2914 mei
488 2860 594 2932 quidem
614 2875 705 2913 omnes
728 2859 831 2913 addunt
986 2857 1137 2912 testimonio
1174 2865 1278 2926 tutum,
1313 2857 1470 2913 deminutlvi

222 2925 319 2996 (enak
336 2927 411 2982 Leia
425 2928 532 2983 ·Voss.t
552 2932 764 2996 commemoret),
783 2927 830 2980 sed
865 2927 976 2980 formam
1001 2944 1051 2998 per
1072 2925 1223 2980 svooelem
1240 2943 1297 2980 esse
1314 2929 1470 2982 volloeulom

218 2995 296 3074 quod
327 2996 437 3051 Medius
458 2995 554 3050 edidit
585 2997 677 3066 tepet-d
702 2995 732 3049 in
755 2993 830 3050 nullo
864 2995 1058 3049 contendentis
1094 2992 1326 3050 Commemoratur
1341 2996 1469 3050 eedema

219 3063 319 3117 mrem.
468 3075 474 3108 ἵ
863 3063 972 3118 Valerio
996 3063 1087 3117 Probo
1133 3103 1140 3116 .
1165 3069 1232 3117 1470
1264 3063 1374 3118 Putecla
1398 3063 1470 3118 luter

255 3134 279 3201 ς.
300 3139 341 3186 14.
376 3149 427 3202 qao
445 3133 548 3185 Persae
564 3134 649 3200 modo]
685 3131 829 3186 tuderto·
863 3131 928 3185 alias
954 3149 1033 3186 voces
1059 3081 1200 3202 dupdciter
1224 3131 1389 3186 terminatas.
1425 3131 1469 3187 ct.

222 3207 315 3270 potem
340 3199 369 3253 in
387 3200 444 3254 vita
469 3199 592 3254 Daumis
611 3207 643 3254 10
661 3201 778 3268 sifidern
797 3203 829 3267 ds
863 3199 1309 3266 Drakenboreh.adLiv.1V,25
1348 3218 1390 3272 ag.
1409 3205 1469 3256 955.

221 3285 253 3320 ea
279 3285 308 3321 re
325 3285 397 3322 more
420 3270 566 3322 Persarum
593 3271 686 3322 derue
704 3271 827 3335 dederet,
865 3267 998 3322 Oudendo
1031 3269 1092 3322 ‚ad
1110 3267 1186 3322 Caes
1203 3269 1266 3322 bell
1285 3219 1355 3324 Geli
1366 3284 1419 3337 vn,
1433 3276 1467 3323 11

220 3334 310 3408 ibique
328 3336 440 3410 interpr.
456 3337 543 3392 Tacit
558 3337 629 3391 Hier.
648 3351 669 3404 1,
679 3341 827 3392 ttdestros
861 3355 959 3408 empna
977 3355 1010 3391 vo
1045 3355 1066 3390 s.

221 3405 330 3458 mittere.
898 3411 920 3475 5.
950 3413 991 3459 17.
1026 3415 1050 3459 et
1083 3405 1131 3459 Mo
1182 3408 1201 3474 ι]
1246 3405 1469 3461 coniunctionem

255 3471 322 3544 Cep
343 3481 390 3539 12,
414 3477 439 3540 S.
464 3482 505 3529 15,
540 3484 654 3528 naturae
670 3475 747 3542 situs]
783 3473 829 3528 Sic
864 3475 953 3528 addidi
971 3473 1124 3529 iubentibus
1132 3423 1223 3528 'libris
1246 3474 1343 3528 nostris
1380 3475 1469 3529 uidem

219 3539 280 3594 libri
298 3541 408 3624 optimi,
426 3544 509 3598 ceteri
527 3551 558 3596 ut
574 3543 656 3614 vulgo
672 3542 762 3596 editur
778 3561 828 3595 no-
862 3539 1323 3611 omnibusetSnalr.1eid.Vossl,
1393 3544 1469 3598 Mos·

220 3619 281 3664 turo
298 3621 368 3665 satus
386 3611 509 3681 difficilis
527 3614 611 3678 odite,
629 3619 661 3664 ut
678 3611 754 3678 situs,
769 3610 827 3682 opi-
862 3614 923 3734 ἵνα·
953 3611 1074 3665 meliores
1100 3610 1179 3678 libri,
1211 3611 1285 3682 quod
1316 3620 1470 3666 correxerat

219 3695 285 3746 nor,
312 3679 444 3750 genitivus
462 3689 540 3736 esset.
575 3681 677 3734 Verum
693 3682 761 3740 situs
778 3697 828 3733 no·
885 3679 1056 3733 reinshemius
1073 3680 1180 3733 brevem
1192 3680 1372 3750 esseprimam
1419 3680 1469 3734 lla·

219 3757 295 3800 taroe
319 3764 374 3802 non
400 3749 469 3803 male
496 3748 547 3804 dici
574 3749 681 3802 ridetur
705 3765 756 3819 pro
774 3748 827 3802 situ
861 3746 1370 3820 bamdoeensexTibullorv,1,147.
1412 3759 1469 3803 ete-

219 3815 353 3870 naturali:
379 3815 451 3872 infra
473 3817 517 3872 lib.
541 3832 600 3885 vn,
627 3823 658 3871 15
679 3819 826 3886 perducere
861 3835 920 3870 rurn
929 3817 1061 3870 tctalraec
1074 3816 1469 3899 paragraphusaCuspiimsris

219 3885 387 3939 incentoria
404 3887 462 3940 loca
480 3897 592 3940 naturae
609 3888 664 3940 sita
681 3888 760 3938 invio.
864 3884 1042 3955 descriptione
1073 3884 1160 3938 aliena
1189 3885 1224 3938 ad
1256 3884 1362 3940 Pontici
1389 3886 1469 3940 maris

254 3956 277 4021 ς.
303 3960 344 4008 lt.
373 3965 504 4025 perpetuo
532 3957 611 4008 ualles
639 3956 715 4022 locet]
751 3953 830 4008 Hanc
882 3962 966 4007 artem
983 3953 1101 4007 intimam
1118 3952 1243 4026 pertinet
1261 3955 1331 4008 Vide
1348 3954 1468 4008 Schmie-

219 4021 290 4076 vocis
312 4021 425 4076 formem
450 4023 740 4078 auctoritasllbronrm
758 4022 829 4093 opti·
863 3973 920 4076 deri
942 4021 1121 4076 commentar.
1151 4041 1177 4094 p.
1210 4028 1268 4077 18³.
1309 4022 1469 4094 Diciturque

221 4107 327 4145 morum
350 4089 426 4146 Iaeid'.
453 4092 564 4146 vesal
590 4089 661 4144 Flor.
679 4091 728 4144 ΑΒ
747 4090 828 4144 Bern.
863 4091 966 4144 laevum
993 4100 1022 4144 et
1047 4092 1171 4144 dextrum
1193 4091 1263 4145 latus
1282 4091 1357 4162 quasi
1371 4091 1393 4145 si
1410 4091 1468 4163 quis

220 4159 248 4213 A
265 4167 366 4227 tuetur,
385 4177 474 4233 neque
491 4179 551 4216 eam
567 4177 624 4214 esse
642 4158 829 4230 negligendam
863 4159 928 4213 mari
946 4161 1054 4214 secedat
1072 4160 1107 4212 ad
1123 4159 1196 4212 illam
1212 4177 1294 4214 oram.

220 4227 354 4296 censebis,
373 4229 394 4282 si
413 4229 558 4285 contuleris
577 4245 645 4301 quae
663 4226 829 4282 accuratissi-
897 4231 920 4296 5.
940 4234 981 4282 18.
1010 4230 1126 4300 pissima
1152 4229 1181 4281 in
1208 4245 1237 4282 eo
1254 4231 1330 4299 longe
1347 4230 1467 4282 diversus

220 4313 278 4351 mus
295 4298 459 4354 Foroellinus
477 4300 505 4354 in
522 4301 574 4354 lex.
592 4297 708 4369 collegit.
742 4296 828 4350 Nimi-
863 4299 896 4350 ab
923 4299 986 4351 eliis
1010 4301 1079 4352 color
1097 4300 1145 4366 est]
1181 4297 1271 4368 Vulgo
1284 4299 1374 4367 pisces
1392 4301 1468 4367 longe

219 4381 280 4418 nrm
295 4369 378 4422 eolles
398 4370 560 4424 nominativo
578 4387 640 4424 casu
656 4375 684 4421 et
699 4367 829 4438 producte
863 4367 961 4420 diversi
983 4369 1017 4420 ab
1039 4369 1102 4420 ollis
1125 4368 1235 4447 coloris,
1264 4368 1336 4437 quod
1380 4367 1467 4418 uidem

220 4431 314 4490 ultima
331 4435 434 4506 syllaba
456 4439 555 4511 legitur
572 4437 652 4492 etiam
670 4437 741 4507 apud
759 4435 828 4491 Ver·
863 4433 890 4488 in
908 4435 980 4489 nullo
1000 4436 1089 4491 codiee
1106 4445 1283 4506 manuscnpto
1297 4445 1346 4489 est.
1394 4443 1468 4488 ostra

1265 4529 1296 4575 10
