3260 5042
199 333 245 404 62
524 353 527 364 ·
668 349 702 412 c.
729 347 854 400 cunm
878 345 962 399 nuru

195 537 320 583 crunnum
337 524 465 596 impetum
482 545 536 581 non
553 527 659 600 probat,
677 529 805 600 proelium
822 528 949 583 decernit
970 529 1030 594 (48)
1048 525 1135 578 Ambo
1151 541 1227 595 regen
1243 530 1345 578 noctem
1362 523 1431 576 inter

195 619 257 656 suos
274 599 379 655 solliciti
397 613 495 676 egunt,
521 606 702 661 Alexandnnn
719 625 779 661 cum
796 607 841 659 diu
859 621 948 658 secum
965 603 1136 656 deliberrsset
1154 605 1212 668 (49)
1229 617 1334 654 somnus
1349 615 1431 670 nsque

196 679 231 731 ad
248 677 359 732 multam
376 679 461 735 lucem
478 700 631 754 oppressum
648 685 744 737 tenuit.
779 684 804 734 Δ
822 679 995 732 Pannonicae
1011 676 1142 730 exdutm
1159 681 1213 742 (50.
1232 681 1276 741 51)
1294 677 1374 730 aciem
1390 676 1432 730 di-

195 753 367 825 ligentissime
385 757 502 826 instruit,
518 777 587 830 quse
604 759 731 824 facienda,
748 773 816 828 quae
833 754 950 808 carenda
966 752 1020 804 sint
1038 751 1179 820 praecipit,
1207 753 1266 817 (52)
1288 751 1366 804 duoes
1382 752 1431 804 rni-

115 879 118 884 .
196 832 308 904 litesque
326 834 517 908 interequitans
534 836 686 904 alloquitur,
712 849 809 884 vanum
826 839 926 883 metum
943 827 1035 891 demit,
1063 843 1091 879 sc
1108 826 1204 879 intueri
1216 825 1303 890 iubet,
1322 827 1431 879 mesi·

195 917 280 963 tatem
297 911 419 966 vincendi
436 912 561 966 ostendit.
592 915 647 976 (58.
664 915 706 961 54.
725 911 771 973 55)
789 906 878 959 Etiam
896 905 999 958 Dareus
1015 920 1121 957 suorum
1138 903 1237 957 animos
1254 903 1361 966 excitat,
1379 919 1432 971 quo

195 988 299 1042 reducti
316 989 384 1057 sint,
410 996 439 1042 ct
457 1003 536 1056 quam
553 1001 626 1056 spem
643 983 706 1037 boni
723 991 834 1036 eventus
852 983 967 1034 babeant
983 980 1139 1046 ostendens,
1165 983 1303 1034 obsecrans
1320 977 1432 1048 denique

195 1073 225 1118 et
241 1066 386 1119 obtestans.
430 1065 489 1127 (56)
515 1060 625 1131 Pugnae
647 1059 751 1113 initium
769 1061 910 1127 (Calendis
931 1059 1033 1111 Octobr.
1051 1073 1069 1108 a
1087 1061 1151 1124 881)
1169 1058 1200 1110 lit
1216 1073 1233 1108 a
1249 1056 1368 1110 curribus
1384 1054 1433 1108 inl·

195 1141 270 1208 estis,
288 1137 393 1208 equites
410 1134 508 1189 Persici
525 1135 713 1208 impedimenta
730 1136 906 1192 Macedonum
923 1133 1060 1206 diripiunt,
1079 1133 1199 1202 captivos
1216 1131 1338 1186 libsmt.
1373 1135 1432 1200 (57)

196 1216 329 1287 Ocrrurrm
346 1227 437 1282 pugno
453 1211 631 1292 improsperr',
658 1215 704 1268 sed
721 1215 793 1286 apud
818 1211 1006 1284 impedimenta
1022 1209 1121 1262 Persae
1141 1224 1196 1260 rem
1213 1208 1312 1262 felicius
1328 1219 1432 1279 gerunt

195 1294 255 1358 (58)
273 1289 334 1360 Ipse
350 1304 398 1340 rex
416 1287 443 1341 in
460 1289 550 1344 hostes
567 1291 611 1345 ubi
631 1291 733 1346 Dareus
749 1291 869 1346 constitit
886 1287 1036 1356 invehitur,
1062 1283 1188 1340 acerrima
1212 1299 1303 1354 pugno
1319 1285 1348 1336 lit
1365 1281 1434 1338 circii

194 1381 279 1434 reges.
315 1367 375 1432 (59)
402 1363 498 1420 Omine
516 1385 619 1438 quoque
636 1367 722 1422 adiuti
739 1369 848 1422 vincunt
865 1366 1033 1430 Macedones,
1061 1362 1165 1415 Dareus
1182 1359 1247 1414 lslso
1263 1360 1360 1414 occinrs
1376 1377 1433 1412 cre·

195 1441 268 1495 ditur
285 1449 314 1494 et
330 1441 394 1512 firgo
410 1458 516 1496 suorum
534 1445 672 1514 abripitur.
715 1443 830 1498 Strenue
847 1441 997 1512 incoquitur
1012 1439 1173 1504 Alexander,
1191 1439 1250 1505 (60)
1267 1437 1314 1491 sed
1330 1435 1433 1490 desistit

194 1515 499 1650 {abalim
515 1520 619 1649 Ὗ
633 1511 1434 1664 ffidbissldbmulbll‘ffffiiufflffi
1377 1512 1434 1584 ³⁹⁰⁰

194 1668 296 1724 Arbela
311 1672 450 1742 pervenit,
476 1613 633 1727 mm
641 1637 782 1725 l²ersrrum
799 1613 976 1742 praecepsyso
1001 1609 1244 1736 miserabilispofirgr
1269 1666 1433 1720 describiutr.

195 1751 255 1814 (52)
271 1747 427 1800 Alexander
442 1763 525 1818 usque
541 1748 575 1801 ad
592 1749 705 1800 eundem
721 1755 831 1818 pontem
848 1749 932 1802 victos
948 1753 1102 1819 persecutus
1118 1741 1270 1809 revertitur,
1287 1749 1317 1795 et
1333 1741 1360 1795 in
1376 1741 1433 1812 ipso

194 1822 285 1876 reditu
302 1821 378 1892 gravi
395 1821 511 1892 periculo
528 1823 690 1893 defungitur.
709 1824 819 1892 (telDe
835 1841 945 1878 numero
962 1839 1097 1877 caesorum
1114 1829 1144 1874 et
1159 1820 1260 1874 virtute
1276 1835 1337 1874 cum
1352 1817 1434 1888 ipsios
1516 1887 1519 1892 ,

194 1896 266 1968 regis
282 1905 341 1952 tum
358 1897 506 1969 principum
524 1899 620 1953 dueum
636 1900 788 1971 exponitur.

130 2180 135 2190 “
171 2172 191 2240 1
296 2114 472 2248 Dareus
503 2176 595 2248 tanti
629 2174 738 2250 modo
771 2177 949 2251 exereitus
975 2200 1057 2265 rex,
1093 2176 1153 2273 qui
1179 2173 1465 2272 mumphantis1

192 2283 324 2382 magis,
351 2309 458 2381 quam
484 2284 682 2358 dimicantis
708 2312 808 2360 more
815 2343 825 2378 ,
860 2313 966 2360 curru
997 2287 1157 2388 sublimis
1182 2285 1311 2358 inierat
1334 2305 1434 2382 proe-

191 2392 289 2484 limn,
315 2419 381 2493 per
405 2395 494 2484 loca,
521 2421 612 2493 quaa
637 2421 750 2494 prope
776 2397 956 2472 immensis
988 2397 1188 2495 agminibus
1213 2396 1434 2493 impleverat,

193 2501 265 2582 iam
290 2504 411 2577 inania
436 2515 474 2579 et
499 2507 633 2604 ingenti
659 2507 851 2582 solitudine
877 2521 997 2598 vasta,
1023 2507 1192 2606 fugiebat.
1245 2504 1355 2579 Pauci
1379 2523 1469 2578 rea

191 2635 274 2708 gem
311 2615 571 2712 sequebantur:
603 2643 688 2692 nam
719 2643 786 2692 nec
818 2618 945 2693 ecdem
977 2643 1101 2692 omnes
1127 2619 1249 2717 lirgam
1274 2613 1434 2688 intende·

191 2733 284 2813 rant,
298 2735 336 2797 et
352 2724 598 2801 deficientibus
625 2730 724 2826 equis
751 2754 895 2803 cursum
922 2753 1055 2820 eorum,
1075 2753 1165 2824 quos
1190 2751 1257 2800 rex
1282 2724 1433 2799 subinde

191 2832 366 2923 mutabat,
393 2859 545 2932 aequare
572 2863 644 2912 non
670 2849 848 2936 poterant.
896 2836 1041 2912 Onchas
1068 2836 1149 2910 dein
1177 2839 1350 2936 pervenit,
1371 2836 1468 2908 ubis

191 2965 366 3041 excepere
406 2970 488 3019 eum
521 2945 740 3022 Graecorum
780 2959 951 3047 quattuor
984 2949 1097 3040 milia,
1141 2949 1353 3062 quibuscum
1385 2946 1433 3019 ad

225 3123 292 3196 Cap.
308 3132 332 3192 1,
351 3129 374 3194 ς.
394 3129 594 3208 1.-Dimicnuris
611 3131 696 3212 nore]
711 3131 793 3184 Nulla
828 3139 1012 3202 argumentum
1038 3147 1095 3185 reso
1117 3131 1197 3185 debet
1220 3131 1354 3185 inventam
1375 3145 1432 3184 esse

190 3193 267 3274 codd:
284 3211 345 3246 mss.
364 3203 405 3248 est
422 3203 542 3249 venetas.
585 3197 729 3254 Recenuor
745 3200 792 3253 Bi·
828 3200 1152 3268 vocemubeoinCclon.,
1170 3201 1325 3254 sonandam
1339 3199 1428 3252 existi-

246 3269 303 3314 trna
328 3263 411 3317 editio
435 3281 504 3318 enno
524 3271 587 3318 1801
607 3282 703 3320 excusa
719 3283 792 3320 men·
826 3269 906 3320 mavi.

208 3345 253 3407 ose
269 3332 345 3383 modo
363 3332 397 3384 de
413 3349 491 3386 versu
506 3333 638 3404 superiore
646 3343 791 3389 retractum
860 3339 884 3404 §-
902 3343 928 3390 8.
949 3337 1053 3390 Onchas
1071 3339 1165 3391 deiude
1177 3337 1308 3406 peruenit]
1341 3334 1430 3405 Vulgo

189 3395 280 3463 dedrt,
297 3400 369 3468 quod
386 3416 445 3453 mea
461 3401 525 3454 odit.
543 3401 644 3457 minore
661 3421 790 3476 propaga-
831 3405 952 3470 Unclrur,
979 3405 1026 3458 sed
1049 3405 1270 3474 quemadmodum
1286 3413 1316 3456 et
1332 3420 1383 3474 ego
1401 3411 1431 3456 et

189 3471 248 3544 tum
264 3481 321 3518 esse
338 3466 433 3546 doleo.⁸
695 3533 698 3538 Ι
825 3471 933 3526 Modius
950 3472 1080 3526 incertum
1098 3489 1194 3526 nornen
1210 3472 1375 3544 scripsimus,
1393 3471 1431 3525 sic

222 3534 449 3655 impleuercq‘Src
463 3553 514 3656 ssrc
532 3535 603 3607 vulg.
622 3541 790 3608 courpleuerct
826 3541 911 3608 aeid,
938 3549 1050 3612 uterquc
1067 3541 1147 3594 Bern.
1165 3550 1194 3595 et
1211 3557 1302 3594 omnes
1320 3539 1430 3594 Floren-

188 3617 279 3653 omnes
296 3601 356 3682 libr-3
488 3619 543 3657 ern.
562 3615 682 3676 uterque,
713 3608 789 3662 Voss.
826 3609 875 3662 tini
892 3609 999 3662 hubent.
1019 3609 1085 3662 Mox
1102 3627 1152 3680 pro
1169 3608 1240 3679 vulg.
1251 3611 1345 3661 deinde
1358 3607 1429 3660 Flor.

190 3673 214 3734 1,
233 3675 248 3721 2
267 3671 377 3723 etedrt
394 3671 566 3739 Modiana;a
600 3673 790 3732 uorumlibro-
824 3675 961 3730 dcam
979 3684 1007 3729 et
1025 3677 1140 3730 Bonnd
1158 3678 1228 3744 dein,
1247 3677 1361 3729 Bernss
1380 3677 1430 3728 de':

187 3753 247 3789 rum
272 3754 382 3792 numero
407 3739 600 3794 Leidensemn
700 3747 789 3812 miror,
824 3744 858 3798 cf.
879 3759 920 3811 rv,
940 3751 1081 3812 captust.

187 3801 238 3856 nisi
253 3803 324 3858 loric
341 3821 416 3860 error
438 3815 486 3889 aut
502 3807 583 3888 duale
601 3819 648 3864 aut
665 3812 789 3882 typothe-
858 3815 1010 3882 quibuscum
1036 3815 1080 3866 ad‘
1098 3815 1253 3884 Euphraten
1278 3813 1426 3891 courmdu]

187 3879 232 3924 tae
249 3880 298 3926 cst
318 3873 442 3929 Ceterum
460 3877 692 3949 nrhrlmagncpere
707 3879 789 3934 inter·
823 3879 910 3934 licens
926 3889 1079 3952 corruptus:
1103 3899 1165 3935 narn
1187 3881 1247 3936 libri
1264 3881 1427 3951 integerrimi

187 3948 238 4006 est,
264 3940 312 3994 sed
337 3950 426 3996 tamen
458 3945 529 4000 iusto
560 3945 653 4000 lortius
683 3947 789 4002 videtur·
823 3949 923 4003 liabent
949 3952 1003 4002 iam
1029 3970 1044 4002 r
1077 3953 1118 4004 iur
1145 3961 1199 4004 riou
1224 3952 1263 4003 od
1285 3951 1426 4019 Euplrut„

187 4011 321 4077 complere·
823 4017 868 4070 alii
885 4018 1012 4086 (Bernss
1029 4018 1100 4072 For.
1110 4018 1174 4084 CH)
1193 4019 1247 4071 ium
1264 4018 1355 4086 regnis
1372 4027 1427 4070 tum

221 4079 245 4144 5.
263 4083 287 4129 2.
305 4095 370 4156 quos
389 4097 435 4131 rex
453 4083 562 4134 subinde
579 4085 707 4152 mutabor]
726 4084 788 4138 Vox
822 4085 945 4156 idemque
977 4087 1071 4140 relicto
1104 4087 1207 4157 aliquot
1241 4085 1426 4140 vocabulorum

185 4162 232 4197 rex
253 4144 329 4198 deest
354 4164 391 4226 m·
403 4147 461 4200 Pal.
481 4156 491 4200 l
512 4149 586 4203 Lcid.
604 4151 680 4206 Voss.
699 4160 723 4218 1,
741 4155 787 4205 sed
822 4155 909 4233 spatio
926 4163 988 4208 anto
1007 4155 1072 4208 lraoe
1089 4156 1171 4207 verba
1187 4154 1259 4207 Flor.
1277 4153 1361 4220 DFI,
1379 4153 1425 4205 de-

185 4229 245 4266 cum
262 4212 367 4284 legatur
383 4233 411 4268 ru
428 4215 578 4271 melioribus
596 4218 666 4273 Flor.
694 4219 788 4289 (abest
822 4240 901 4292 mque
918 4221 976 4275 Pal.
997 4231 1008 4274 l
1030 4223 1105 4276 Voss.
1123 4230 1138 4276 2
1157 4221 1228 4276 Flor.
1247 4222 1280 4276 E.
1308 4225 1360 4274 ium
1379 4237 1425 4272 rer

185 4287 290 4360 tantum
307 4299 324 4334 a
335 4281 477 4363 βΙξΕΗ)
497 4302 582 4355 neque
600 4286 707 4341 Modius
723 4289 787 4342 alio-
821 4301 883 4356 tum,
902 4290 973 4344 Flor.
992 4289 1018 4344 G
1036 4293 1089 4344 iam
1107 4309 1153 4344 rex
1170 4292 1212 4344 lis
1230 4309 1295 4344 cnm.
1321 4287 1425 4342 Editio-

116 4381 124 4389 ·
184 4365 248 4470 qum
269 4350 407 4430 chvrtatrs
433 4359 513 4406 otram
540 4371 599 4408 cunr
625 4355 786 4410 detrimento
820 4375 866 4414 nos
884 4359 945 4411 inde
962 4375 979 4411 a
997 4359 1117 4430 principe
1134 4377 1192 4413 cum
1209 4360 1303 4428 quibus
1321 4359 1359 4410 od
1367 4357 1425 4408 Eu·

210 4425 332 4488 agantrae
355 4419 486 4474 studiosus
507 4421 637 4492 omiserit,
661 4424 688 4478 id
714 4426 785 4496 quod
815 4430 929 4495 pbrnleu
946 4431 1077 4482 contendit
1095 4429 1203 4495 iubent,
1222 4425 1353 4497 nisiqucd
1361 4423 1423 4478 Ald.

398 3603 445 3658 lor.
