3330 5050
574 335 623 385 on
651 333 778 386 ouans
804 334 913 388 nnnx.
940 336 1018 405 vm,
1039 331 1081 380 aa.
1374 310 1446 381 387

210 514 392 589 discedere
417 541 479 590 eos
506 519 554 593 ad
578 522 739 596 curanda
764 545 925 618 corpora,
952 517 1120 617 quoniam
1148 527 1225 590 tota
1245 525 1350 588 nocte
1372 538 1449 614 per·

212 626 396 718 stitissent,
429 630 536 706 iubet.
588 633 686 707 Data
712 633 859 729 singulis
885 628 1142 728 quinquaginta
1168 627 1346 717 sestertia,
1381 628 1451 699 col·

211 737 375 828 laudatis,
402 742 632 838 quodetiam
659 744 735 817 aliis
762 740 894 814 tradita
921 743 1009 832 vice,
1036 751 1156 813 tamen
1174 737 1351 811 excubare
1374 763 1450 835 per·

212 866 447 927 severassent.

177 980 212 1028 20
314 961 367 1036 llli
394 975 496 1038 tanta
521 990 585 1062 spe
620 964 782 1038 destituti
816 964 942 1038 domos
975 964 1117 1036 abeunt.
1170 962 1218 1034 Et
1244 961 1351 1034 ceteri
1378 959 1500 1056 qui-23

179 1131 184 1139 .
214 1070 296 1146 dem
328 1076 568 1174 expectabant
600 1078 765 1152 stationis
803 1102 891 1150 suae
928 1086 1089 1148 noctem:
1130 1072 1338 1172 Epimenes,
1374 1071 1450 1142 sive

213 1186 379 1260 comitate
396 1188 500 1282 regis,
527 1210 597 1283 qua
615 1188 732 1284 ipsum
748 1189 842 1261 inter
859 1186 1062 1261 coniuratos
1081 1195 1281 1282 exceperat,
1304 1192 1452 1280 repente

213 1306 382 1384 mutatus,
409 1296 485 1369 sive
511 1297 594 1393 quia
619 1298 755 1395 coeptis
783 1297 871 1371 deos
897 1297 1041 1370 obstare
1059 1294 1238 1384 credebat,
1265 1295 1365 1366 fratri
1384 1317 1449 1366 suo
1534 1343 1535 1346 =

213 1405 434 1504 Eurylocho,
479 1430 585 1504 quein
626 1420 734 1482 antea
773 1420 958 1506 expertem
999 1433 1077 1480 esse
1111 1406 1245 1480 consilii
1279 1405 1452 1492 voluerat,

148 1515 299 1615 mquid
333 1528 536 1612 pararetur,
577 1520 702 1617 aperit.
763 1517 939 1594 Omnibus
975 1517 1138 1592 Philotae
1173 1517 1383 1615 supplicium
1416 1515 1454 1586 in

215 1625 325 1700 oculis
361 1639 447 1702 erat.
508 1629 634 1726 ltaque
670 1631 832 1728 protinus
868 1631 978 1704 iniicit
1012 1630 1113 1703 fratri
1147 1653 1311 1718 manum,
1346 1637 1383 1700 et
1415 1624 1453 1696 in

214 1738 348 1836 regiam
374 1742 554 1838 pervenit,
587 1742 823 1839 excitatisque
850 1741 1058 1815 custodibus
1084 1740 1258 1838 corporis,
1291 1737 1337 1812 ad
1363 1736 1454 1808 salu·

163 1865 196 1915 22
215 1858 289 1924 tem
319 1851 414 1950 regis
445 1853 643 1950 pertinere,
685 1878 788 1952 quae·
809 1853 972 1943 afferret,
1006 1853 1171 1926 affirmat
1222 1851 1270 1925 Et
1302 1860 1453 1947 tempus,

214 1985 286 2057 quo
311 1973 500 2052 venerant,
537 1973 574 2036 et
599 1964 722 2038 vultus
748 1963 846 2038 haud
873 1989 959 2038 sane
985 1964 1100 2038 securi
1127 1963 1234 2036 animi
1259 1961 1384 2051 index,
1418 1972 1456 2034 et

214 2073 391 2147 maestitia
426 2098 445 2146 e
481 2072 622 2148 duobus
664 2074 829 2166 alterius,
869 2073 1114 2149 Ptolemaeum
1155 2100 1197 2147 ao
1230 2073 1455 2146 Leonnatum

215 2183 435 2258 excubantes
467 2182 513 2256 ad
546 2184 699 2259 cubiculi
724 2187 833 2260 limen
858 2188 1117 2261 excitaverunt
1170 2184 1295 2282 Itaque
1321 2183 1454 2281 apertis

215 2293 370 2386 foribus,
397 2306 434 2368 et
459 2294 591 2370 lumine
616 2297 731 2388 illato,
767 2299 925 2397 sopitum
950 2324 1049 2372 mero
1075 2321 1118 2370 ac
1144 2321 1269 2370 somno
1296 2294 1455 2369 excitant

216 2426 346 2503 regem.
398 2405 461 2480 Ille
487 2408 660 2506 paulatim
685 2418 807 2482 mente
833 2411 998 2500 collecto,
1024 2407 1110 2506 quid
1136 2407 1318 2494 afferrent,
1350 2405 1455 2477 inter·

168 2534 202 2584 aa
220 2526 334 2616 rogat.
392 2515 467 2592 Nec
501 2529 690 2592 cunctatus
725 2517 970 2619 EurylochuS,
1008 2546 1080 2594 non
1116 2543 1163 2592 ex
1197 2529 1275 2591 toto
1309 2515 1455 2588 domum

208 2651 320 2701 suam
353 2629 511 2703 aversari
542 2629 630 2705 deos
662 2630 772 2723 dixit,
814 2632 898 2730 quia
930 2633 1041 2705 frater
1072 2631 1201 2729 ipsius,
1243 2651 1457 2727 quamquam

217 2739 365 2839 impium
400 2741 535 2815 lacinus
569 2766 678 2815 ausus
711 2745 823 2836 soret,
865 2754 986 2816 tamen
1021 2753 1058 2816 et
1091 2741 1345 2841 poenitentiam
1381 2739 1456 2810 eius

217 2862 350 2950 ageret,
377 2861 413 2925 et
438 2877 503 2952 per
529 2877 568 2930 se
593 2854 821 2952 potissimum
846 2845 1077 2953 profiteietur
1101 2852 1277 2926 indicium.
1319 2849 1361 2924 ln
1378 2875 1458 2923 eam

217 3079 266 3126 tet
301 3067 426 3124 Proxime
452 3069 553 3125 aceedit
577 3069 691 3126 noae
715 3071 743 3126 in
766 3089 820 3145 qao
856 3071 954 3127 obiecit
979 3072 1030 3126 dici
1056 3069 1162 3144 quidem
1188 3070 1301 3142 aliquam
1331 3085 1387 3123 rem
1413 3085 1459 3138 spe

217 3149 307 3194 temen
329 3147 370 3192 est
396 3141 596 3206 devoraverunt,
623 3138 677 3194 GH
698 3139 820 3195 BermB
857 3145 999 3208 devorare,
1034 3157 1089 3194 aon
1119 3142 1204 3220 ipsam
1230 3157 1301 3209 apem
1326 3141 1459 3192 devorare.

217 3227 271 3264 non
288 3208 367 3280 longe
384 3208 534 3274 discedunt,
564 3209 610 3262 sed
628 3209 725 3279 stipsi
747 3213 822 3266 devo·
856 3211 928 3264 Nam
944 3209 1084 3264 translatio
1101 3217 1182 3262 etiam
1199 3209 1296 3263 metior
1314 3225 1344 3262 ec
1359 3205 1460 3277 simpli-

217 3287 340 3332 racemo!
356 3286 386 3330 et
402 3285 542 3348 praeterea
557 3279 650 3332 menae
669 3283 735 3344 (nou
751 3297 822 3332 men·
856 3279 913 3334 cior
930 3280 961 3333 fit
978 3279 1027 3333 bac
1043 3276 1154 3332 ratione.
1513 3279 1518 3288 '
1558 3329 1560 3334 .

218 3350 269 3414 tes)
285 3345 420 3399 exhibent.
455 3345 487 3399 ln
509 3345 628 3416 pluribus
649 3356 758 3415 praeter
775 3348 822 3402 has
892 3351 915 3417 ς.
936 3355 977 3402 19.
1016 3348 1093 3401 Dato
1111 3348 1224 3417 sinqulia
1241 3377 1276 3388 -
1292 3346 1457 3410 notandam,

217 3414 361 3469 varietates
378 3413 459 3468 etium
471 3431 554 3536 Eostam
572 3414 745 3483 desideratur,
764 3415 822 3470 Pal.
857 3419 938 3488 quod]
974 3415 1059 3470 Omisi
1081 3425 1142 3468 aaut
1164 3415 1238 3494 quod
1256 3413 1337 3480 vulno
1361 3410 1459 3483 legitur

220 3483 345 3539 lVoss2
366 3483 468 3537 sues
492 3522 499 3536 .
526 3482 581 3536 Sed
594 3482 729 3538 breviores
744 3485 823 3539 etiam
857 3489 921 3539 data
942 3495 1003 3539 suat
1024 3485 1148 3554 sinqulia,
1171 3502 1241 3536 iussu
1259 3479 1336 3536 codd.
1353 3491 1458 3536 nostro·

218 3561 247 3605 et
264 3553 297 3606 od
316 3551 399 3623 ipsam
415 3551 555 3605 veritatem
572 3551 680 3622 propius
694 3555 823 3607 acceden-
857 3572 915 3607 rum
936 3554 1015 3606 Bera.
1033 3555 1058 3606 Δ
1076 3551 1146 3606 Flor.
1165 3550 1284 3605 ABDGI
1306 3559 1334 3602 et
1350 3560 1457 3604 auctore

217 3620 427 3691 tes-sigeberg.
450 3620 648 3674 Leid.Voss.1
677 3621 753 3676 Flor.
771 3623 823 3676 AB
857 3621 958 3688 Modio,
980 3639 1034 3676 nou
1052 3620 1107 3673 siue
1125 3638 1185 3673 mss.
1203 3619 1240 3673 sic
1256 3619 1369 3672 edituro.
1404 3617 1459 3671 Sed

159 3713 161 3718 ·
219 3705 297 3759 quam
314 3691 443 3743 humanae
464 3691 556 3742 mentis
574 3690 770 3744 devoraverunt.
798 3691 822 3744 E
858 3691 914 3744 sine
923 3690 997 3744 libris
1011 3687 1114 3744 conexi
1128 3691 1284 3741 collaudatis
1301 3687 1369 3758 quod
1379 3685 1459 3756 vulgo

218 3757 823 3897 tutettttbmttlt'ttltffllt
857 3753 1459 3896 tttltltttt‘,tttttttttltt

218 3894 324 3948 videon
339 3893 464 3959 voluisse,
489 3894 614 3974 quodque
635 3894 698 3948 olim
715 3896 823 3950 Medius
858 3907 899 3950 est
916 3913 965 3966 que
981 3913 1015 3948 ex
1029 3911 1061 3948 eo
1074 3894 1145 3965 quod
1162 3893 1282 3964 sequitur
1315 3895 1368 3946 uod
1384 3907 1474 3961 prae.

218 3961 246 4016 ia
267 3963 336 4018 notis
354 3971 383 4018 ct
398 3963 532 4017 Acidaliae
568 3963 705 4029 roboant,
731 3983 823 4036 quam·
858 3981 948 4036 gresso
964 3963 1093 4018 vocabulo
1111 3963 1266 4016 adhaesisse.
1299 3911 1338 4014 bt
1359 3959 1459 4014 omitti·

219 4049 299 4102 quam
315 4031 360 4085 ille
377 4032 483 4103 quidem
499 3981 620 4085 ediderat
690 4051 715 4086 m
731 4036 823 4088 bumo-
858 4042 903 4087 tur
924 4035 995 4104 quod
1015 4031 1041 4085 in
1059 4031 1139 4084 Bern.
1156 4032 1190 4084 B.
1224 4030 1310 4083 Aliam
1332 4029 1460 4082 nationem

219 4103 373 4155 nummis
391 4102 613 4170 concupiscentiae
645 4113 821 4156 evomuerant.
858 4102 952 4154 inierat
961 4099 1066 4154 Medius
1079 4117 1138 4153 cum
1154 4101 1246 4152 edeset
1259 4100 1458 4167 collaudatione,

219 4167 279 4222 Nec
295 4169 391 4223 desunt
412 4168 472 4223 libri
495 4169 521 4222 in
541 4166 637 4239 quibus
654 4167 720 4221 illud
738 4169 823 4240 ipsum
858 4170 943 4224 minus
960 4168 1096 4223 cendone.
1122 4167 1205 4222 Pauci
1219 4185 1278 4220 mss.
1292 4169 1460 4220 collaudans·

220 4237 360 4293 exhibetur
382 4237 454 4292 Flor.
477 4237 532 4302 DI,
559 4237 623 4290 item
651 4235 823 4292 Calontenses
859 4257 907 4308 que
929 4239 1029 4291 habent
1050 4236 1123 4290 Flor.
1141 4236 1189 4290 FG
1207 4235 1264 4288 Pal.
1280 4243 1302 4287 1.
1335 4233 1459 4312 Ceterum

220 4309 387 4361 menbranae
404 4306 502 4374 Medii,
527 4314 632 4359 tantum
649 4307 722 4376 quod
740 4307 767 4360 ia
785 4308 824 4362 bis
876 4310 1051 4380 uinquaqinta
1081 4309 1199 4360 sestertia
1230 4303 1284 4357 sive
1310 4309 1361 4357 500
1387 4319 1459 4355 aurei

221 4376 401 4430 &camoenae
427 4392 485 4430 ease
511 4373 634 4428 traditur.
668 4373 728 4429 Nec
757 4385 824 4456 puto
858 4327 973 4430 bomani
990 4375 1073 4428 minas
1083 4373 1197 4429 Graecus
1211 4373 1329 4426 efficiunt
1344 4378 1390 4426 125
1405 4370 1460 4425 sive

221 4441 327 4499 lectioni
352 4453 457 4500 nostrae
482 4445 588 4500 obstare
611 4443 684 4512 quod
705 4443 824 4500 Freinsh.
860 4445 913 4501 duo
931 4445 1034 4501 talenta
1050 4461 1109 4498 cum
1126 4443 1243 4516 quinque
1260 4440 1344 4494 minis.
1431 4521 1434 4530 Ι

1243 4528 1288 4580 25*
