3324 5054
193 278 266 351 138
454 267 458 272 ’
669 289 703 354 o.
732 287 855 340 curru
880 251 965 342 auri

189 474 273 576 qaid
296 484 450 562 numam
476 495 552 544 uem
576 472 647 548 acie
672 474 844 547 detentere
865 470 986 572 paret?
1021 473 1165 550 Herode
1189 490 1300 552 votem
1324 501 1436 552 reum

189 580 345 678 iuqrboit.
401 577 471 655 Sed
495 583 594 658 baites
620 584 750 660 conatii
767 597 885 683 postea
911 608 1038 684 qaoque
1062 585 1148 657 rutro
1172 585 1350 660 reddetur:
1375 613 1434 662 vos

190 693 232 764 ite
258 689 306 761 ad
331 690 455 790 copias,
481 695 599 794 qubus
624 696 762 796 quisque
781 708 926 794 praeest.
966 693 1042 794 Epo
1068 693 1138 766 thur
1163 693 1276 784 udae,
1303 699 1436 795 etquid

179 801 265 899 fieri
289 801 388 876 velim
413 827 588 902 reportem.
641 807 737 878 Raro
764 805 970 894 admodum,
996 803 1183 910 admonitu
1209 804 1323 900 magis
1351 807 1435 878 ami-
1452 826 1494 873 as

192 937 326 1003 corum,
353 938 461 1010 quarn
487 925 585 986 metu
613 915 823 986 discriminis
850 913 1017 1004 adeundi,
1032 915 1179 989 thorace
1205 915 1258 986 uti
1285 915 1435 1004 solebat,

192 1035 279 1096 tuuc
311 1047 453 1120 quoque
483 1023 705 1094 munimento
739 1023 898 1118 corporis
925 1034 1070 1119 sumpto
1098 1024 1274 1120 processit
1299 1022 1347 1097 ad
1374 1023 1436 1095 mi·

192 1133 282 1205 lites.
335 1129 445 1202 Haud
476 1131 564 1202 alias
597 1143 672 1202 tarn
704 1131 858 1202 alacrem
889 1128 1057 1203 viderant
1087 1156 1226 1228 regem:
1263 1146 1301 1207 et
1332 1134 1437 1207 vultu

193 1243 270 1314 eius
297 1239 461 1311 interrito
487 1251 623 1316 certam
649 1265 750 1340 spem
776 1241 947 1314 victoriae
974 1240 1253 1339 augurabantur.

143 1355 192 1425 50
297 1348 420 1447 Atque
450 1350 509 1424 ille
541 1363 689 1451 proruto
722 1351 816 1424 vallo
843 1353 942 1426 exire
968 1350 1090 1450 copias
1117 1351 1226 1441 iubet,
1254 1350 1437 1447 aciemque
1454 1371 1496 1422 ae

193 1459 361 1557 disponit
412 1458 454 1533 ln
482 1462 611 1536 dextro
638 1487 748 1536 comu
774 1463 882 1535 locati
908 1475 993 1537 sunt
1019 1462 1167 1559 equites,
1194 1485 1283 1559 quos
1311 1485 1439 1558 agema

195 1570 434 1670 appellabant
487 1572 659 1646 Praeerat
689 1571 745 1644 his
774 1569 903 1645 Clitus:
940 1573 997 1645 cui
1031 1571 1150 1644 iunxit
1175 1571 1339 1645 Philotae
1364 1582 1437 1644 tur·

194 1708 287 1774 mas,
320 1693 530 1778 ceterosque
573 1682 773 1778 praefectos
809 1682 968 1778 equitum
1007 1679 1110 1752 lateri
1146 1681 1221 1752 eius
1256 1681 1436 1778 applicuit

195 1902 372 1977 prehenderit
407 1903 479 1958 Nam
501 1905 572 1976 apud
594 1904 716 1958 Tacitum
740 1922 799 1958 curn
833 1903 921 1974 Supra
932 1909 1015 1970 rat?
1035 1902 1182 1956 tradiderat
1200 1903 1309 1958 Curtius
1327 1905 1437 1958 bricam

195 1981 269 2028 recte
286 1971 382 2026 edatur
398 1973 468 2026 Aua.
485 1987 553 2040 xvr,
582 1980 613 2026 lt
631 1980 700 2026 extr.
718 1974 799 2026 iuter·
833 1989 911 2042 qaam
934 1989 997 2024 raro
1025 1972 1162 2036 induebat,
1184 1974 1277 2026 amicis
1301 1973 1438 2027 acutum

196 2045 260 2097 cisia
278 2042 349 2096 venia
366 2051 473 2095 mortem
490 2042 687 2111 approperevit,
709 2050 799 2094 tamen
833 2041 952 2110 sarapait,
972 2039 1043 2092 iufra
1060 2053 1112 2105 vn,
1130 2044 1174 2106 88,
1193 2046 1208 2094 8
1228 2039 1331 2110 (Alea)
1350 2042 1438 2094 uora-

196 2109 241 2164 lib.
255 2125 305 2176 xv,
320 2115 354 2163 85
373 2111 538 2163 brachiotum
556 2127 634 2162 venas
653 2111 799 2162 interscidit
833 2125 886 2160 cem
904 2109 1012 2160 induas
1023 2109 1145 2176 procedit
1162 2111 1201 2162 ad
1215 2109 1327 2175 milites,
1344 2122 1379 2175 x,
1403 2113 1436 2162 28

196 2178 302 2244 aditur,
325 2176 399 2246 quasi
417 2176 569 2248 Torquatus
592 2177 676 2230 securi
692 2177 800 2231 brachia
833 2175 878 2227 tin.
895 2175 1033 2243 Meteayer
1045 2177 1149 2228 thorace
1161 2179 1438 2246 sumptocopiturrnu.

196 2243 341 2316 abruperit
376 2243 430 2298 Sed
447 2246 513 2298 haec
529 2246 662 2299 hactenus.
721 2247 724 2252 '
833 2243 1233 2297 Annotaudumvideturetiam
1246 2243 1438 2316 primumlem-

233 2319 258 2382 s.
275 2319 318 2367 tt.
352 2314 431 2366 taius
455 2315 560 2368 consilii
575 2321 668 2382 posteo
687 2313 798 2382 quoque]
834 2310 911 2364 matis
933 2313 1043 2364 verbum
1067 2312 1138 2380 quod
1158 2320 1201 2365 ast
1217 2330 1295 2380 raro,
1317 2311 1346 2366 in
1363 2311 1438 2365 Leid.

197 2381 243 2436 Sic
259 2397 350 2434 omnes
366 2380 455 2448 codd.;
477 2381 558 2451 vulgo
581 2389 668 2434 autem
686 2380 766 2434 etiam
783 2397 801 2433 a
833 2379 914 2432 Beru.
931 2384 958 2432 A
975 2379 1046 2433 Flor.
1063 2378 1137 2433 nssc
1158 2379 1237 2451 scribi
1254 2382 1338 2448 ratio,
1364 2379 1438 2434 cuius

196 2449 290 2504 Modio
306 2448 395 2502 editur
411 2451 488 2502 laius
507 2466 606 2519 qaoque
618 2450 723 2502 consilii
730 2450 799 2502 ratio
834 2456 873 2508 rei
893 2473 972 2509 eausa
996 2465 1039 2509 ost
1061 2465 1125 2510 nota
1150 2473 1179 2510 ro
1202 2455 1270 2510 male
1292 2455 1438 2536 intellepta,

196 2528 287 2588 postea
305 2519 437 2570 reddetur·
834 2523 902 2577 sicut
927 2532 1038 2596 apparet
1061 2541 1096 2578 ex
1116 2524 1189 2579 Flor.
1211 2524 1239 2577 H
1261 2523 1288 2577 iu
1311 2541 1439 2646 ‹prodqrsa

233 2597 257 2658 8.
276 2599 318 2648 25.
352 2611 417 2647 roro
444 2623 478 2632 -
510 2593 596 2662 mopis
621 2593 698 2646 caric.
739 2611 800 2646 uem
834 2592 886 2645 ista
907 2601 973 2644 uota
996 2601 1051 2659 est,
1080 2611 1139 2646 cum
1165 2593 1192 2646 in
1217 2593 1298 2646 Rern.
1360 2591 1375 2660 ξ’
1407 2609 1439 2646 us

197 2672 266 2716 metu
283 2664 363 2715 discr.
381 2661 499 2714 adeundi
514 2662 618 2713 thorace
642 2663 691 2728 ati]
771 2660 800 2714 't.
834 2659 933 2713 assecla
949 2659 985 2713 sit
1002 2663 1079 2714 ratio.
1119 2662 1213 2729 Utique
1229 2679 1278 2732 pro
1295 2663 1335 2714 uti
1351 2668 1393 2714 est
1410 2659 1440 2714 in

199 2749 238 2801 pr.
273 2747 337 2783 roro
371 2731 511 2782 admodum
545 2731 614 2782 adm.
658 2729 800 2782 atticorum
835 2728 913 2782 Voss.
934 2735 944 2781 l
965 2727 1037 2782 Flor.
1056 2729 1084 2781 H
1101 2729 1181 2782 Baro.
1198 2729 1232 2781 B.

198 2799 375 2867 quiamete
396 2799 494 2850 discr.
517 2799 704 2850 adeundum
729 2807 801 2850 erat
869 2807 922 2849 tem
948 2798 1079 2918 eluerent}
1123 2799 1233 2850 Alacres
1260 2795 1335 2850 Laid.
1360 2796 1438 2850 Voss.

197 2867 238 2934 eti
254 2867 360 2918 sabbat.
379 2864 463 2924 Aldus
480 2863 555 2916 dedit
571 2882 629 2916 cum
646 2874 727 2917 metus
745 2867 801 2917 dis-
835 2863 906 2918 Flor.
932 2864 1016 2918 Assc.
1080 2883 1114 2918 on
1140 2864 1291 2934 obsequor,
1324 2883 1383 2918 nam
1410 2864 1440 2918 in

199 2935 318 2990 criminis
340 2935 434 2986 aderat
470 2949 553 3002 eaque
570 2933 656 2986 adhuc
672 2931 802 3012 scriptura
834 2932 969 2985 nominum
987 2932 1215 2986 terminationibus
1238 2933 1303 2986 fides
1320 2933 1439 2987 codicum
1476 2985 1479 2990 ,
1512 2995 1516 3004 Ι

198 3001 271 3072 vulg.
294 3000 397 3054 mansit.
433 2971 487 3054 bed
510 3001 585 3054 oodd.
607 3017 665 3052 mss.
687 3018 801 3070 primum
834 3000 915 3053 varia.

199 3087 290 3122 omnes
321 3076 384 3139 post
410 3070 550 3122 admodum
581 3067 683 3120 addunt
709 3083 800 3138 opens,
870 3068 937 3138 Cap.
956 3073 1002 3133 5⁰,
1030 3071 1052 3137 §.
1069 3073 1111 3122 26.
1142 3079 1253 3138 promto
1278 3069 1358 3137 uallo]
1394 3066 1441 3123 Sic

199 3138 271 3208 quod
280 3136 472 3191 Freinshemius
487 3135 618 3188 intellexit
633 3153 689 3188 asse
706 3139 801 3206 mapis,
835 3151 869 3188 ex
886 3135 1037 3189 melioribus
1054 3137 1131 3190 codd.
1148 3136 1210 3191 olim
1227 3136 1334 3190 Modius
1350 3137 1439 3190 edide-

200 3204 324 3275 quouism
354 3203 473 3274 sequitur
503 3203 532 3256 in
563 3204 638 3256 codd.
688 3203 803 3274 larisque
835 3212 894 3270 rat,
919 3204 960 3258 oui
978 3221 1055 3257 nemo
1072 3204 1173 3274 paruit;
1199 3221 1270 3257 nunc
1292 3221 1356 3258 vero
1376 3222 1440 3258 con·

200 3290 279 3342 qaum
301 3282 369 3326 meta
392 3271 432 3352 (io
453 3271 525 3325 Flor.
547 3271 652 3325 DEGH
700 3289 755 3324 ern.
777 3272 801 3324 B
836 3273 922 3325 consui
941 3272 1104 3342 optimorum
1125 3273 1253 3325 librorum
1269 3271 1344 3326 Laid.
1362 3273 1439 3326 Voss.

200 3343 262 3394 dum
284 3352 366 3407 maa,
393 3359 422 3392 m
442 3339 514 3392 Flor.
541 3338 581 3392 GI
609 3343 670 3392 dum
695 3343 801 3402 metata)
839 3347 850 3392 1
871 3341 991 3392 Beru.A
1008 3339 1267 3394 musulaniorum
1283 3339 1361 3394 facile
1377 3359 1440 3394 con·

200 3410 371 3462 discriminis.
412 3406 489 3471 Quae
506 3416 648 3477 supersunt
669 3407 697 3460 iu
719 3408 803 3461 omui·
837 3409 939 3461 cedent.
986 3409 1089 3462 Vallum
1107 3425 1280 3477 prorumpere
1301 3407 1366 3462 nihil
1389 3417 1440 3476 est,

200 3477 250 3530 bus
267 3477 343 3530 codd.
362 3477 510 3528 adeundum
536 3485 593 3528 erat
610 3474 728 3528 Freinsh.
747 3475 803 3528 elli-
833 3493 1003 3546 perrumpere
1030 3476 1136 3547 probari
1166 3485 1272 3546 posset,
1303 3477 1325 3529 si
1356 3476 1440 3530 vallus

201 3560 260 3597 cere
271 3543 377 3597 volebat
392 3552 423 3596 ut
436 3541 548 3612 intelligi
561 3551 669 3613 possent
681 3544 803 3597 addendo
837 3543 907 3596 altus
925 3553 953 3596 et
970 3544 1060 3596 firmus
1077 3553 1155 3610 esset,
1174 3553 1205 3596 ut
1222 3543 1316 3597 ceteris
1330 3545 1441 3598 serratis

202 3613 286 3680 quod
311 3614 459 3664 adeundum
486 3621 557 3675 erut,
588 3611 741 3681 reliquaque
767 3612 804 3666 sic
837 3612 958 3682 partibus
976 3629 1028 3664 uno
1046 3621 1150 3664 tanturn
1167 3611 1226 3666 loco
1244 3611 1270 3664 vi
1282 3613 1441 3682 aperiretur,

202 3679 379 3733 coadunavit:
402 3682 442 3732 uti
458 3681 556 3732 solebat
573 3681 728 3732 mrrnimento
746 3698 803 3734 cor·
838 3697 892 3732 non
914 3688 988 3733 totus
1031 3680 1124 3732 edibus
1149 3679 1306 3733 deiiceretur
1331 3690 1361 3734 ct
1386 3679 1441 3734 solo

196 3750 289 3817 porta
316 3757 376 3800 tunc
399 3765 498 3816 quoque
524 3759 623 3815 sumpto
645 3747 744 3801 scilicet
766 3765 802 3801 eo.
837 3757 1003 3818 aequaretur.
1049 3764 1082 3801 oc
1096 3757 1185 3800 autem
1199 3747 1295 3801 dicitur
1299 3765 1442 3818 promere:

202 3816 257 3870 Sed
274 3815 324 3867 hac
340 3817 481 3869 verborum
498 3813 713 3884 transpositiones
734 3815 803 3868 diffi-
838 3815 873 3868 cf.
890 3815 925 3868 ad
942 3831 982 3882 ιν,
1002 3823 1033 3868 lt
1052 3824 1122 3868 extr.

202 3883 305 3938 cilios-es
335 3891 398 3936 sunt
422 3901 501 3952 quam
527 3883 676 3936 litterarum
701 3881 804 3952 aliquot
871 3893 1017 3952 ceterosque
1029 3884 1177 3953 praefectos
1194 3883 1376 4005 eluuffl
1384 3892 1444 3938 tota

201 3951 359 4023 praesertim
374 3951 403 4004 iu
420 3951 648 4004 terminationibus
664 3951 804 4004 verborum
839 3952 889 4004 hac
909 3951 974 4004 aciei
997 3951 1081 4005 deseri
1102 3951 1175 4004 tione
1197 3953 1257 4004 ude
1363 3951 1444 4006 'ederi

204 4018 386 4074 correctiones.
409 4018 505 4090 Itaque
523 4019 646 4090 quonism
710 4018 806 4073 uiritur
839 4019 1050 4086 annotationem,
1076 3969 1199 4074 durium
1220 4027 1374 4090 comparato
1390 4021 1444 4073 Ar·

204 4087 260 4141 eius
276 4085 314 4140 rei
333 4103 428 4140 nomen
442 4105 495 4157 qua
506 4105 566 4142 raro
576 4087 681 4140 usussit
715 4087 805 4140 lexan-
839 4087 913 4141 riano
935 4096 963 4140 et
985 4087 1105 4142 Diodoro
1133 4087 1191 4154 (lib.
1213 4101 1293 4154 xvn,
1316 4091 1362 4156 tt)
1385 4087 1443 4141 iure

204 4156 265 4220 der,
288 4153 386 4208 conieci
408 4157 511 4209 thorace
538 4173 603 4226 opus
630 4171 700 4222 esse,
724 4164 806 4226 atque
840 4155 1017 4225 negligentiae
1034 4155 1177 4225 arguentis.
1211 4153 1281 4207 Nam
1298 4153 1326 4208 in
1341 4156 1443 4225 :dextro

204 4222 371 4294 peregrinum
389 4223 416 4275 id
433 4223 590 4276 vocabulum
607 4223 682 4277 facile
699 4240 732 4276 ex
746 4223 807 4276 reli-
841 4239 923 4277 cornu
947 4225 1091 4277 collocatae
1113 4229 1190 4276 erant
1210 4223 1330 4294 equitum
1348 4224 1445 4278 arnico·

204 4291 263 4372 quis
279 4292 420 4344 verborum
436 4295 585 4344 edeuadmn
603 4299 658 4343 erut
676 4291 806 4362 procedit,
841 4309 900 4344 rum
926 4293 1073 4362 (ἑταίρων)
1102 4298 1204 4344 turmae
1230 4299 1304 4356 octo,
1332 4309 1444 4362 quorum

204 4378 227 4414 ar
249 4359 320 4431 quod
342 4375 448 4414 uecoese
470 4367 512 4413 est
533 4359 649 4413 adeundi
666 4358 807 4430 scripseris.
842 4359 926 4430 prima
952 4369 1010 4413 crat
1036 4375 1104 4431 quae
1132 4356 1243 4412 ἱππέων
1270 4359 1363 4432 ἄγημα
1388 4360 1445 4414 sire
