3350 5042
576 326 627 378 na
654 325 781 380 cnsrrs
808 327 916 382 anax.
943 329 1007 399 vn,
1025 325 1067 374 aa.
1278 381 1281 388 ,
1375 306 1449 378 325

212 515 409 586 claustrum
435 521 473 585 et
497 513 569 588 iam
602 514 901 613 perdomitorum,
932 525 970 587 et
995 529 1087 611 quae
1113 512 1242 586 deinde
1267 511 1365 586 edire
1391 510 1468 586 de·-

211 633 383 696 creverat
450 621 523 698 Sed
567 627 753 700 consilium
798 623 936 696 distulit
980 619 1241 720 Sogdianorum
1287 625 1451 704 nrmtiata

146 755 190 802 rs
212 734 374 824 delectio,
401 761 493 832 quae
519 736 728 808 Bactrianos
755 759 897 832 quoque
925 736 1044 807 traxit.
1090 756 1144 805 vrr
1170 735 1266 806 milia
1291 735 1450 828 equitum

212 857 324 936 erant,
351 872 504 943 quorum
530 845 780 918 auctoritatem
807 845 916 919 ceteri
942 845 1191 940 sequebantur.
1245 841 1450 916 Alexander

211 952 454 1054 Spitamenem
479 968 518 1029 et
544 953 735 1047 Catenem,
762 955 938 1053 aquibus
964 956 996 1027 ei
1022 956 1175 1032 traditus
1203 966 1280 1028 erat
1306 953 1449 1044 Bessus,

211 1068 308 1142 haud
321 1066 451 1138 dubius
466 1068 551 1164 quin
564 1093 688 1142 eorum
715 1092 825 1166 opera
850 1066 963 1162 redigi
989 1077 1137 1164 possent
1162 1067 1198 1138 in
1225 1075 1450 1163 potestatem,

151 1196 194 1245 ιο
212 1179 272 1275 qui
298 1189 524 1252 novaverant
549 1204 622 1270 res,
657 1179 762 1252 iussit
787 1177 929 1250 accersi.
981 1177 1033 1249 At
1058 1178 1122 1266 illi,
1154 1175 1376 1264 defectionis,
1403 1175 1458 1248 ad

212 1315 319 1387 quam
345 1290 579 1364 coercendam
599 1289 855 1378 avocabantur,
882 1298 1057 1378 auctores,
1083 1289 1322 1386 vulgaverant
1346 1285 1450 1376 same,

213 1401 422 1476 Bactrianos
454 1400 591 1496 equites
626 1425 649 1473 a
674 1424 759 1497 rege
794 1421 918 1471 omnes
950 1408 992 1470 ut
1024 1397 1270 1486 occiderentur
1300 1397 1450 1473 accersi:

212 1512 320 1610 idque
351 1513 564 1609 imperatum
597 1512 700 1609 ipsis,
732 1536 806 1584 non
840 1510 1050 1583 sustinuisse
1081 1520 1201 1584 tamen
1228 1508 1372 1605 exequi,
1401 1502 1452 1588 'ne

212 1621 426 1720 inexpiabile
455 1623 493 1694 in
525 1623 716 1720 populares
754 1621 892 1695 facinus
926 1620 1167 1696 admitterent.
1218 1615 1300 1692 Non
1338 1620 1451 1718 magis

211 1733 410 1806 Alexandri
436 1734 632 1824 saevitiam,
658 1747 767 1832 quam
782 1731 883 1806 Bessi
909 1731 1137 1831 parricidium
1161 1732 1253 1804 terre
1279 1731 1448 1828 potuisse.

213 1843 338 1941 Itaque
364 1868 430 1918 sua
455 1855 585 1944 sponte
608 1845 682 1922 iam
707 1853 826 1919 motos
840 1853 952 1918 ”metu
977 1868 1115 1944 poenae
1140 1842 1238 1916 haud
1263 1840 1452 1923 difficulter
1547 1935 1549 1940 Δ
1586 1831 1590 1840 ’

214 1955 484 2029 concitaverunt
508 1955 557 2029 ad
582 1981 692 2030 arma.
816 1951 817 1954 '
1206 2009 1210 2018 -

158 2087 219 2136 1e.
314 2065 533 2159 Alexander,
555 2067 827 2166 transfirgarum
845 2065 1044 2142 defectione
1057 2075 1250 2166 comperta,
1264 2060 1500 2142 naamani

215 2175 379 2252 obsidere
406 2176 612 2278 Cyropolim
637 2178 755 2255 iubet:¹
788 2180 865 2277 ipse
897 2178 1004 2252 eliath
1030 2173 1451 2274 urbemregionis'ciuse

214 2285 298 2361 dem
334 2313 468 2362 corona
506 2292 618 2390 capit;
659 2291 849 2391 signoque,
887 2299 929 2363 ut
966 2288 1120 2387 puberes
1159 2287 1450 2376 interficerentur,

161 2417 167 2420 ·
215 2397 316 2491 dato,
348 2399 474 2498 reliqui
499 2401 536 2476 in
567 2402 740 2501 praedam
765 2424 906 2478 cessere
930 2399 1095 2476 victoris:
1130 2398 1217 2474 urbs
1243 2396 1363 2473 diruta
1388 2405 1453 2488 est,

163 2755 173 2766 .
212 2655 562 2777 munem
576 2653 818 2793 ,caena
852 2654 1455 2799 nunnamenster:

192 2789 295 2857 beot,
317 2788 635 2859 deindeperdcma'taram
652 2788 817 2856 Flor.EG1,
853 2791 916 2842 bum
956 2790 1009 2845 uod
1030 2789 1057 2844 in
1078 2787 1153 2843 librrs
1172 2795 1253 2842 etam
1274 2795 1380 2857 optume
1395 2804 1455 2842 ora·

214 2865 322 2979 arft
346 2857 726 2997 retraxerat
742 2857 817 2999 {lu
852 2807 1046 2979 reela
1061 2857 1455 2997 „seqare

131 3053 133 3056 ,
213 2993 285 3048 Flos.
298 2993 327 3047 H
344 2966 816 3066 Bimav0a.a,e'qamso1us
851 3001 926 3047 teres
956 2965 1064 3048 edditdr
1092 3011 1135 3050 ece
1165 2993 1302 3048 meliorum
1387 2991 1455 3046 ‘cum

213 3061 287 3117 Flor.
306 3061 347 3126 B,
374 3071 397 3116 et
422 3079 490 3134 paee
515 3063 582 3118 itcm'
605 3063 676 3118 selus
694 3063 765 3118 Ποῖ.
785 3064 816 3119 (l.
852 3061 941 3128 (Flor.
962 3064 988 3115 A
1023 3061 1106 3115 Paris.
1133 3061 1227 3129 trium,
1258 3059 1454 3128 Modianorum',

213 3129 281 3184 Inde
301 3129 366 3184 edit.
387 3148 427 3201 pr.
457 3133 535 3185 etiam
560 3134 767 3202 perdomitorum
793 3142 817 3186 et
851 3129 961 3184 eliorum
976 3130 1047 3184 Flor.
1060 3130 1136 3184 CEH
1153 3129 1279 3196 Bernss)
1296 3128 1454 3182 auctoritate

214 3201 292 3270 qued,
310 3197 371 3252 Ald.
380 3201 458 3252 edam
470 3203 679 3269 perdomitam
696 3211 720 3254 et
737 3203 816 3273 quod,
851 3198 999 3252 damnatur.
1033 3197 1088 3252 Sed
1111 3213 1146 3251 ne
1166 3197 1232 3252 illud
1248 3197 1355 3268 quidem
1372 3214 1454 3252 unum

214 3265 368 3333 sinerensu,
386 3267 531 3322 laneam
544 3271 724 3339 perdomitam
742 3285 816 3338 qaas,
850 3267 1045 3322 Freinshemius
1068 3283 1097 3320 se
1118 3266 1187 3320 ferre
1209 3283 1285 3337 posse
1306 3266 1452 3332 contendit,

214 3335 352 3402 audacter,
375 3335 449 3390 Mod.
470 3337 548 3390 aiam
566 3339 771 3407 perdomitam
793 3347 817 3392 et
851 3351 901 3389 nec
916 3351 967 3406 ego
983 3335 1049 3402 fero,
1069 3353 1128 3390 cum
1142 3344 1251 3406 propter
1267 3333 1401 3390 insolitum
1418 3335 1453 3391 ad

213 3421 291 3475 pecs,
318 3402 437 3458 Freinsb.
460 3405 576 3476 denique
596 3413 626 3459 et
646 3404 694 3468 rel.
715 3416 740 3459 et
761 3407 816 3458 iam
851 3403 964 3458 activum
982 3421 999 3457 a
1016 3403 1120 3476 passivo
1137 3403 1288 3468 transitum,
1316 3411 1372 3457 turn
1389 3421 1453 3474 pro·

207 3473 413 3596 ἱζοᾴοωίιονιαη
435 3481 459 3528 et
476 3489 550 3544 qaas.
584 3473 688 3539 Quibus
704 3472 816 3554 servetis
851 3481 924 3554 pter¹
944 3472 1079 3553 ingratam
1115 3489 1145 3526 re
1179 3471 1297 3526 titionem
1338 3471 1454 3534 eiusdem
1515 3498 1517 3502 ·

101 3628 106 3636 -
213 3555 344 3669 urse‘tl
361 3543 816 3690 tttttstttttttz
849 3541 955 3689 tatas
969 3539 1210 3690 tttttfttl
1223 3539 1367 3677 batt?
1382 3548 1454 3680 ,lli
1503 3679 1506 3686 ,

212 3693 315 3744 ceram,
337 3685 480 3744 terrerum,
503 3695 615 3750 quonam
631 3679 720 3732 editus
738 3685 815 3732 tuen·
850 3677 956 3732 Medius
973 3678 1059 3731 ednlrt
1076 3695 1177 3731 arcesse
1195 3675 1288 3730 nullus.
1448 3733 1451 3736 ,

213 3753 271 3813 tur,
303 3763 355 3799 non
381 3745 526 3800 bominum:
552 3763 594 3802 ex.
617 3765 657 3818 gr.
681 3745 815 3800 Pelusium
884 3749 907 3826 5.
927 3753 966 3800 15.
1001 3748 1171 3816 adpeterent
1191 3745 1284 3816 semo]
1320 3743 1405 3799 Doleo
1427 3743 1454 3798 in

213 3815 330 3868 clemtm
347 3816 461 3885 Aepypti
477 3814 552 3870 Livio
568 3829 638 3882 xnv,
658 3823 700 3882 11,
719 3814 814 3870 Corin-
849 3832 938 3886 priore
960 3815 1077 3869 editione
1099 3831 1142 3868 me
1165 3811 1311 3884 neglexisse
1328 3812 1456 3870 librorum

213 3882 275 3935 thus
298 3883 415 3936 claustro
432 3883 606 3952 Peloponnesi
622 3881 726 3938 Velleio
748 3897 769 3950 1,
787 3891 814 3951 8,
851 3901 911 3936 mes.
926 3883 1041 3938 omnium
1055 3892 1084 3938 et
1098 3881 1241 3947 editionum
1254 3891 1374 3936 veterum
1391 3881 1455 3938 seri·

214 3949 294 4006 Utica
324 3952 441 4004 &nstra
468 3951 598 4021 Africae,
628 3951 710 4006 Floro
731 3967 772 4018 IV,
790 3959 816 4019 ⁴2,
871 3960 958 4006 turam
974 3953 1070 4022 some,
1102 3970 1118 4005 a
1145 3969 1200 4022 qua
1225 3950 1330 4004 Modica
1356 3950 1455 4022 primus

213 4017 296 4099 Alpes
313 4019 430 4072 doastra
448 4019 546 4072 Italiae
563 4018 648 4072 eidem
665 4034 711 4087 111,
720 4028 747 4087 8,
765 4020 818 4074 elie
851 3971 970 4074 discessit
986 4020 1171 4091 persuasitque
1184 4018 1290 4090 reliquis
1307 4028 1338 4071 ut
1346 4021 1455 4090 samam

213 4086 271 4140 eliis
296 4086 476 4158 appellentur,
503 4087 584 4141 etiam
605 4096 696 4142 nostro
718 4103 760 4155 w,
783 4097 815 4144 88
851 4091 952 4144 darent.
989 4090 1027 4142 At
1052 4090 1123 4142 farne
1148 4087 1206 4159 ipss
1230 4086 1336 4159 quidem
1362 4087 1455 4158 vulgat

213 4155 415 4209 doaetra'lt's'ls'
436 4156 569 4210 dicuntur.
603 4155 617 4209 1
667 4172 701 4210 ua
722 4160 817 4226 perdo·
851 4157 906 4212 fieri
923 4157 1032 4228 aliquid,
1052 4175 1109 4211 non
1126 4165 1222 4224 eutem,
1244 4162 1304 4209 mm
1320 4155 1390 4210 fame
1409 4155 1453 4222 sit,

213 4225 333 4276 mitorum
359 4231 482 4278 neutmm
504 4223 571 4296 plur.
593 4223 677 4278 intel'
732 4266 741 4292 ,
763 4243 816 4280 non
850 4242 955 4280 neeesse
980 4235 1022 4279 est
1047 4225 1189 4294 vulgetur,
1225 4223 1272 4278 nisi
1300 4225 1367 4278 duae
1392 4224 1453 4290 sint,

213 4289 340 4358 homines,
357 4291 504 4364 euteptum
520 4292 595 4348 unice
609 4303 631 4347 et
649 4313 726 4366 qaae,
743 4303 816 4348 certe
850 4312 960 4366 quarum
981 4295 1067 4348 altera
1087 4293 1165 4348 latius
1182 4301 1299 4364 vagetur.
1333 4293 1371 4346 Et
1388 4292 1454 4363 legi-

213 4359 299 4413 minus
324 4359 459 4431 eleganter
489 4371 513 4415 et
540 4364 626 4434 quod,
658 4379 817 4435 quemquem
851 4371 896 4416 tur
911 4378 941 4429 x,
960 4370 985 4430 5,
1009 4365 1104 4434 qainpe
1125 4365 1163 4416 ito
1176 4365 1258 4434 semu
1278 4363 1375 4416 Persae
1397 4363 1453 4416 val·

213 4427 264 4483 hoc
279 4427 380 4483 stdlius
395 4429 493 4485 terrem
509 4448 588 4506 quem
604 4448 678 4502 quos.
714 4483 717 4488 ,
784 4441 785 4444 ’
849 4441 985 4502 parerent.
1443 4479 1446 4486 r
