3324 5054
36 223 130 320 ‘s‘

210 317 284 388 140
680 327 714 390 Q.
742 326 866 379 cumrrr
891 327 976 378 surr

205 523 303 614 post·
324 535 407 583 eum
442 500 595 585 Orestae
626 511 896 612 Lyncestaeque
928 518 1027 581 sunt:
1062 519 1146 606 post
1170 513 1249 586 illos
1275 513 1445 613 Polyper·

206 648 284 712 con,
310 619 387 724 dux
413 623 591 722 peregrini
615 623 745 696 militis,
798 621 913 695 Huius
945 619 1095 718 agminis
1122 620 1286 717 princeps
1311 625 1447 724 Amyn-

206 743 262 806 tas
289 743 381 805 erat:
408 731 594 832 Philippus
621 733 759 806 Balacri
785 757 847 805 eos
873 731 1030 828 regebat,
1044 729 1081 801 in
1099 730 1306 802 societatem
1332 759 1448 831 nuper

206 843 349 916 ascitus.
400 841 502 918 Haec
534 843 653 915 dextri
684 869 814 916 comus
845 844 953 914 facies
986 850 1073 913 erat.
1127 839 1168 914 In
1194 841 1297 913 laevo
1325 839 1445 916 Crate-
1463 868 1505 915 aa

205 979 267 1027 rus
294 953 622 1052 Peloponnensium
648 954 785 1048 equites
811 953 978 1042 habebat,
992 953 1221 1027 Achaeorum
1247 949 1447 1025 etLocren·

205 1065 308 1154 sium,
336 1063 529 1136 etMaleon
556 1062 682 1132 turmis
709 1059 776 1132 sibi
802 1060 988 1134 adiunctis.
1028 1064 1105 1136 Hos
1120 1063 1284 1136 Thessali
1310 1062 1446 1160 equites

205 1173 431 1261 claudebant,
456 1169 624 1268 Philippo
650 1169 750 1242 duce.
803 1169 970 1244 Peditum
996 1175 1090 1246 acies
1117 1174 1278 1268 equitatu
1305 1175 1447 1272 tegeba·
1464 1191 1508 1241 so

203 1295 274 1358 tur.
339 1279 454 1353 Frons
495 1279 590 1354 laevi
628 1306 758 1355 cornus
796 1281 885 1356 haec
924 1295 1011 1357 erat.
1077 1281 1150 1357 Sed
1188 1307 1234 1354 ne
1273 1283 1448 1356 circumhi

204 1403 329 1494 posset
348 1391 621 1484 amultitudine,
648 1395 812 1466 ultimum
838 1420 967 1493 aginen
994 1395 1114 1468 valida
1139 1417 1248 1466 manu
1275 1393 1446 1465 cinxerat

206 1501 351 1579 Cornua
377 1529 520 1601 quoque
546 1504 713 1580 subsidiis
740 1505 911 1595 firmavit,
944 1531 1019 1578 non
1050 1516 1150 1579 recta
1174 1505 1308 1593 fronte,
1336 1503 1449 1576 seda

202 1617 315 1689 latere
341 1615 485 1712 positis,
521 1625 578 1704 ut,
605 1616 635 1688 si
660 1615 774 1688 hostis
801 1617 1058 1688 circumvenire
1085 1615 1197 1688 aciem
1223 1623 1447 1711 temptasset,

202 1735 332 1826 parata
361 1749 506 1822 pugnae
537 1725 665 1796 serent.
717 1723 786 1796 Hic
811 1725 960 1820 Agriani
987 1735 1105 1816 erant,
1142 1725 1272 1820 quibus
1299 1723 1446 1794 Attalus
1464 1744 1504 1792 ar

203 1839 380 1935 praeerat,
408 1833 586 1906 adiunctis
613 1833 806 1930 sagittariis
835 1833 1077 1908 Cretensibus.
1121 1831 1276 1906 Ultimos
1303 1833 1447 1906 ordines

203 1945 336 2018 avertit
362 1968 384 2016 a
410 1943 546 2034 fronte,
573 1953 615 2016 ut
641 1955 756 2016 totam
782 1945 895 2017 aciem
921 1945 1008 2018 orbe
1034 1945 1199 2018 muniret
1252 1942 1364 2041 Illyrii
1390 1945 1448 2016 hic

204 2115 326 2190 aparet.
363 2109 466 2189 Varum
480 2109 576 2190 mala,
603 2125 671 2180 quae
692 2126 735 2190 rea
756 2117 807 2178 est,
841 2110 950 2164 diolcon
969 2111 1149 2190 'amis-sia·
1178 2109 1323 2188 adiunctis]
1363 2107 1449 2162 Facta

229 2177 359 2248 hrhppum
376 2185 488 2246 eogitari
505 2187 617 2232 ascitum
634 2194 690 2232 esse
707 2197 734 2232 m
747 2196 808 2248 par·
842 2187 884 2232 est
905 2187 993 2258 oratio
1020 2179 1120 2233 sacihor
1141 2185 1170 2232 et
1190 2177 1338 2248 elegantior
1359 2176 1448 2230 deleta

204 2253 261 2298 tem
269 2244 428 2366 poteentia,
438 2244 489 2324 etsi
501 2264 554 2300 non
567 2247 601 2299 ab
610 2246 728 2316 Amynta
740 2246 808 2317 ipso,
842 2245 971 2366 particula
988 2265 1038 2316 que
1055 2255 1116 2318 post
1129 2247 1304 2326 Actaeam:
1320 2252 1402 2316 atquc
1419 2245 1448 2298 id

205 2315 252 2367 scd
320 2329 385 2382 rege
402 2321 563 2366 institutum.
899 2315 1019 2368 omnibus
1028 2315 1106 2370 codd.
1122 2331 1187 2368 mers
1203 2312 1365 2367 rubentibus.
1382 2314 1447 2366 Μα-

239 2384 303 2434 tacc
329 2383 415 2434 dextri
436 2398 531 2434 comus
544 2383 636 2450 seciae
663 2384 731 2453 erut]
767 2382 809 2438 Da
843 2385 900 2435 leon
917 2382 978 2436 libri
994 2399 1099 2450 omnes,
1121 2382 1172 2436 nisi
1207 2380 1445 2436 uedcumPal.1

133 2543 138 2550 .
205 2448 323 2588 ffi'qtivo
345 2466 440 2502 cornus
466 2448 527 2502 vide
544 2467 624 2519 supra
640 2451 674 2502 ad
692 2467 748 2520 cap.
766 2458 809 2504 4⁵.
842 2450 985 2504 monast
1001 2451 1170 2516 siquenm·
1268 2449 1371 2502 'ederus
1383 2449 1449 2503 Μα-

204 2587 223 2640 b

273 2525 318 2570 tur
335 2516 360 2568 h.
378 2516 395 2570 l.
418 2525 448 2570 et
469 2517 550 2587 paulo
601 2525 627 2571 st
643 2517 671 2571 iu
688 2517 808 2572 Suaken-
842 2520 911 2572 licon
928 2518 996 2584 vult,
1014 2519 1102 2573 nescio
1119 2536 1153 2572 an
1170 2533 1241 2583 vere,
1261 2517 1362 2570 Graeca
1374 2526 1448 2570 certe

276 2584 293 2638 'i
310 2583 384 2638 Laid.
402 2585 480 2638 Voss.
495 2585 564 2653 1.2(
579 2591 591 2655 )
608 2594 639 2642 ct
654 2586 718 2640 meis
727 2587 808 2640 Bam.
843 2583 973 2648 Μαλιεῖς,
993 2603 1054 2656 geu.
1073 2585 1208 2640 Μαλιέων
1224 2592 1361 2639 vocantur.
1524 2587 1529 2596 '

205 2653 232 2707 A
280 2653 328 2707 lor.
354 2653 413 2706 AB.
453 2653 485 2706 In
512 2653 568 2708 acie
593 2646 681 2708 autem
708 2655 810 2725 reliqua
878 2656 952 2722 §.th
969 2657 1074 2708 ultimos
1089 2656 1296 2708 ordineaoaertit
1314 2671 1330 2706 a
1340 2653 1447 2724 fronte]

204 2721 376 2775 describenda
385 2720 494 2775 Curtius
511 2721 659 2777 aDiodoro
676 2741 728 2776 uon
746 2741 809 2776 sanc
843 2721 903 2777 Hoc
928 2736 968 2775 est
997 2723 1069 2794 quod
1094 2722 1223 2776 Arrianus
1246 2736 1295 2788 m,
1325 2728 1355 2774 12
1383 2719 1449 2774 dicit

204 2789 318 2842 multum
341 2789 462 2855 aberrat,
492 2791 538 2842 sed
561 2799 702 2860 utrumque
724 2790 808 2844 minus
844 2790 960 2850 ἐπέταξε
987 2789 1018 2844 δὲ
1046 2795 1092 2842 καὶ
1123 2787 1258 2862 δευτέραν
1283 2787 1375 2850 τάξιν,
1409 2786 1449 2844 eis

205 2865 357 2910 comiatum
389 2873 446 2908 esse
481 2857 664 2911 Schnaiederus
696 2859 809 2912 Arriano
844 2858 917 2910 εἶναι
941 2857 994 2922 τὴν
1020 2857 1151 2930 φάλαγγα
1169 2855 1365 2927 ἀμφίστομον
1382 2855 1448 2909 alte-

204 2942 267 2978 usus
289 2925 374 2978 docet
420 2924 546 2978 craterus
570 2925 625 2978 sine
650 2926 730 2980 dubio
756 2945 809 2979 non
844 2943 901 2978 ram
927 2927 1009 2978 aciem
1035 2925 1175 2991 instruxit,
1216 2941 1279 2990 uae,
1306 2925 1328 2978 si
1349 2925 1448 2977 Persae

204 3000 264 3046 erat
282 2992 416 3062 equitatus
433 2991 461 3044 in
478 2993 586 3046 sinistro
598 3011 682 3047 eomu
695 3012 809 3048 summus
843 3011 904 3047 suas
937 2993 1024 3064 copias
1054 2944 1310 3059 eireumfirnderaut,
1343 2992 1450 3046 obviam

205 3061 270 3126 dux,
288 3061 334 3112 sed
352 3059 479 3129 peditum.
502 3061 539 3128 Hi
557 3069 645 3114 autem
663 3062 764 3132 peditus
781 3073 810 3115 et
844 3061 895 3114 illis
911 3062 970 3115 iret.
1006 3061 1058 3116 Hic
1074 3069 1170 3127 erant,
1187 3079 1252 3132 quos
1270 3061 1340 3131 apud
1357 3059 1450 3113 Arria-

206 3127 310 3184 Grateri
328 3127 408 3198 ipsius
425 3146 521 3197 agmen
539 3129 642 3197 (τάξιε)
664 3130 810 3210 etreliqua
843 3147 906 3182 num
933 3131 1033 3182 frustra
1055 3147 1180 3200 quaeras,
1206 3128 1309 3199 pedites
1334 3127 1397 3181 socii
1419 3136 1449 3180 et

206 3196 322 3267 quinque
352 3203 430 3248 erant
450 3197 566 3266 agmina,
599 3213 666 3266 quae
701 3197 809 3251 Curtrus
844 3199 963 3250 mercado
981 3197 1114 3263 conducti,
1132 3197 1321 3250 Macedonibus
1340 3211 1449 3249 numero
1544 3261 1546 3265 ⁷

205 3266 284 3318 modo
310 3263 457 3328 recensuit,
485 3268 658 3337 πεζέταιροι.
686 3267 752 3318 adeo
779 3274 810 3318 ut
845 3265 900 3318 fure
956 3281 1005 3318 res.
1044 3265 1159 3318 Videtur
1188 3264 1270 3334 igitur
1296 3263 1450 3316 Alexander

205 3332 251 3386 uhi
269 3332 377 3386 Curtius
398 3333 522 3384 dextrum
539 3350 620 3386 cornu
637 3333 752 3398 claudit,
770 3333 806 3386 ibi
842 3334 872 3386 M
937 3333 1040 3386 ouieam
1065 3333 1222 3403 phalangam
1249 3331 1328 3384 latius
1354 3340 1449 3384 exten-

204 3399 258 3453 iam
273 3399 380 3452 ultimos
390 3400 491 3469 pedites
500 3400 598 3452 sinistri
607 3401 684 3453 uisse
693 3401 806 3455 Arriano
841 3401 910 3454 disse
930 3401 1028 3472 quippe
1044 3400 1165 3454 subsidiis
1187 3400 1292 3454 abunde
1310 3399 1448 3465 firmatam,

204 3468 327 3520 referenti
348 3468 492 3520 credamus.
529 3467 594 3522 Toti
614 3485 677 3522 vero
702 3469 808 3523 sinistro
842 3477 874 3522 ut
900 3469 927 3521 in
954 3468 1047 3539 prima,
1070 3468 1125 3522 acie
1151 3468 1255 3538 pedites
1281 3485 1335 3520 non
1360 3476 1450 3521 essent
1564 3528 1568 3534 „

204 3535 297 3588 cumui
330 3535 448 3605 peditum
482 3535 655 3607 equitumque
688 3545 810 3608 praeerat
843 3537 893 3590 nisi
915 3537 1080 3590 Macedonas
1116 3537 1159 3590 En
1185 3537 1234 3590 tibi
1261 3536 1375 3606 effigiem
1400 3536 1449 3588 du·

207 3602 357 3656 Parmenio.
844 3605 919 3676 plicis
936 3603 1014 3670 aciei:

240 3673 264 3739 ξ.
282 3677 324 3726 29.
360 3673 524 3726 Actaeorum
546 3681 570 3724 et
592 3672 762 3726 Locrensium
784 3673 809 3726 'et

390 3757 530 3798 Thesasoell
547 3759 714 3830 Πρζέῃηρρι
801 3760 944 3809 Hypruplatac
1047 3758 1152 3814 Eqamiel

441 3825 711 3930 sarman
765 3825 1204 3930 OEIu-lffl

1201 3963 1220 4000 ζῆ

434 3963 517 4118 {qu
1141 3997 1215 4038 ”s

430 4055 516 4237 {lq
581 4157 583 4160 ·
1081 4004 1219 4258 ΗΞ

430 4185 515 4296 ἐν-.
1139 4194 1215 4296 ’ξιξ

575 4372 755 4379 ...———--
896 4367 1042 4374 -—·-———
1055 4370 1095 4376 -—--

570 4373 670 4474 {Mascula
679 4371 783 4472 concredi
891 4373 894 4445 l
907 4397 1087 4445 imitamenta.
1102 4371 1105 4470 l
