3260 5042
578 401 579 404 '
697 402 915 455 susurnam.
1360 401 1428 454 XIII

187 589 383 686 linquenda
422 610 513 658 esse.
565 581 703 656 Verum
743 582 949 658 audendum
982 593 1061 659 erat
1095 597 1132 660 et
1165 598 1266 684 patet
1296 588 1364 660 hac
1389 565 1432 658 in'

185 741 245 806 re,·
283 714 382 812 quod
407 713 445 785 in
471 712 652 809 plerisque
683 714 776 803 aliis,
817 714 847 784 si
882 711 1015 811 aliquid
1047 713 1235 803 efficiatur,
1274 715 1428 822 multum

187 844 292 931 effici·
318 852 356 914 ct
381 850 567 938 praestare
592 842 653 914 vel
679 867 799 914 errare
825 865 933 936 quam
959 842 1045 913 nihil
1072 867 1187 938 agere.
1228 839 1327 914 Haec
1347 841 1428 913 hac·

186 981 313 1057 tenus,
353 992 421 1040 neo
447 968 545 1042 aliud
571 967 734 1041 adiiciam
765 967 834 1039 nisi
865 967 950 1057 hoc,
986 969 1189 1042 absolutum
1221 993 1299 1042 esse
1326 991 1428 1063 opus,

186 1095 288 1192 quod
314 1095 363 1168 ad
390 1121 449 1170 me
475 1095 620 1193 quidem
646 1095 818 1193 pertinet,
853 1105 990 1170 aestate
1022 1097 1106 1169 anni
1136 1098 1251 1186 1846,
1287 1094 1428 1168 absolu·

185 1233 339 1322 tumque
364 1223 585 1321 redemptori
610 1220 785 1296 traditum
810 1247 889 1296 esse
920 1225 1016 1323 typis
1042 1222 1323 1297 describendum.

294 1350 366 1426 Sed
393 1351 440 1424 de
465 1351 626 1424 fontibus
653 1347 912 1425 emendationis
939 1348 1139 1446 00000000,
1165 1347 1202 1424 id
1228 1349 1428 1424 00101000-

186 1478 328 1553 dicibus
360 1503 447 1551 mss.
483 1488 522 1552 et
551 1475 768 1553 editionibus
784 1478 1001 1570 'veteribus‚
1042 1503 1133 1575 quae
1164 1504 1268 1552 usum
1293 1479 1430 1552 habent

181 1606 363 1696 criticum,
389 1607 460 1679 hoc
485 1607 565 1678 loco
590 1607 818 1704 peculiariter
842 1603 1021 1704 agendum
1039 1617 1104 1680 est.
1143 1605 1429 1679 Fundamentum

185 1733 299 1831 igitur
337 1733 556 1806 recensionis
593 1744 740 1807 nostrae
779 1735 925 1807 filerunt
959 1758 1090 1807 novem
1129 1733 1267 1808 codices
1305 1733 1429 1807 biblio·

185 1861 319 1934 thecae
345 1859 609 1936 laurentianae
633 1861 687 1951 hi,
714 1861 775 1958 qui
799 1861 837 1933 in
864 1863 1125 1936 commentariis
1151 1863 1390 1960 appellantur:

100 2009 103 2012 ’
202 2025 204 2028 ·
260 1987 389 2064 'aton
428 1990 476 2063 A.
514 1985 609 2064 cod.
637 1990 685 2061 35
713 1989 802 2086 plut.
832 1990 881 2062 64
921 2013 1013 2062 saec.
1053 2011 1095 2062 x1
1134 1989 1299 2062 ineuntis.
1331 1991 1368 2062 in
1405 1983 1438 2061 4'

246 2113 443 2214 quadrato.
458 2117 657 2190 membran.
700 2115 830 2214 Incipit
847 2141 870 2188 a
895 2117 1015 2190 verbis
1040 2117 1100 2190 lib.
1123 2139 1165 2190 111
1184 2128 1261 2215 cap.
1284 2116 1429 2217 (nostri)
1449 2127 1451 2132 ’

246 2245 295 2316 25
323 2251 355 2333 S.
384 2245 405 2315 6
455 2241 841 2346 1709οᾱ01000
866 2269 959 2344 opus.

236 2405 239 2411 ·
296 2371 392 2446 Flor.
418 2371 466 2446 B.
495 2368 583 2445 cod.
620 2374 706 2446 391.
759 2373 842 2445 olim
874 2383 1073 2446 conventus
1105 2381 1247 2471 patrum
1272 2369 1431 2444 Domini-
1542 2401 1545 2405 ·

245 2521 418 2571 canorum
443 2499 556 2596 vulgo
581 2497 668 2572 dicti
694 2496 848 2574 Sanctae
873 2499 1007 2572 Mariae
1032 2496 1212 2574 Novellac.
1252 2523 1368 2598 nuper
1392 2500 1430 2572 in

245 2625 408 2698 biblioth.
457 2624 737 2701 Laurentianam
788 2629 994 2701 translatus.
1047 2651 1139 2700 saec.
1171 2649 1247 2700 xlv.
1294 2627 1330 2701 in
1368 2628 1428 2700 fol.

243 2753 441 2827 membran.
468 2753 590 2827 verbis
615 2779 790 2854 perquam
815 2755 1074 2854 compendiosis
1101 2763 1279 2829 exaratus.

296 2881 388 2955 mor.
418 2877 459 2958 0.
487 2879 576 2955 cod.
605 2884 654 2954 34
679 2884 769 2981 plut
787 2886 846 2986 64
872 2908 964 2957 saec.
990 2903 1044 2956 xv
1070 2884 1107 2955 in
1133 2887 1157 2956 4
1182 2883 1376 2956 membran.
1516 2981 1520 2990 ⁸

234 3059 237 3062 -
295 3007 388 3084 ator.
414 3007 471 3082 D.
494 3005 660 3083 0001ιὸ3
684 3013 774 3110 plut
803 3013 852 3085 64
878 3035 969 3084 saec
994 3033 1050 3084 xv
1072 3011 1111 3083 in
1137 3019 1161 3082 4
1186 3011 1404 3086 chartaceus.
1435 3027 1438 3035 '

297 3133 390 3211 1100.
416 3135 462 3210 Ε.
491 3133 579 3210 coc
608 3139 656 3211 32
682 3140 771 3237 plut
802 3141 850 3211 64
877 3163 968 3212 0000.
994 3161 1048 3211 xv
1072 3139 1109 3211 in
1137 3141 1160 3211 4
1185 3139 1378 3214 membran.

297 3263 389 3338 Flor.
415 3263 458 3338 F.
487 3261 574 3338 Cod.
603 3267 650 3338 31
679 3267 767 3364 plut
796 3269 845 3339 64
871 3290 962 3340 saec.
988 3289 1042 3339 xv
1066 3267 1103 3340 in
1131 3269 1154 3339 4
1179 3267 1373 3340 membran.

298 3389 392 3466 Flor.
424 3391 467 3468 G.
497 3391 584 3466 Cod.
613 3395 662 3466 30
688 3395 777 3492 plut.
806 3396 854 3467 64
881 3419 972 3468 saec.
998 3417 1050 3467 xv
1076 3395 1113 3467 in
1142 3397 1165 3467 4
1190 3389 1384 3469 membran.

297 3518 469 3595 10011.
497 3519 585 3594 cod.
614 3524 662 3596 29
689 3523 777 3621 plut
807 3525 855 3594 64
881 3539 982 3596 saec.
998 3543 1053 3594 xv
1077 3523 1114 3595 in
1142 3524 1165 3594 4
1190 3525 1383 3597 membran.

298 3645 394 3722 Flor.
426 3645 457 3722 l.
499 3645 587 3722 (lod.
616 3651 664 3722 28
690 3652 779 3749 plut
808 3652 857 3722 64
883 3675 973 3724 saec.
1000 3671 1053 3723 xv
1078 3651 1115 3723 in
1142 3654 1166 3723 4
1192 3653 1385 3726 membran.

191 3783 234 3848 et
259 3771 334 3848 duo
360 3773 582 3850 Beruenses:

299 3902 407 3977 Bm
434 3903 482 3976 A.
518 3902 680 3978 biblioth.
715 3907 812 4005 publ.
847 3905 951 3980 Bern.
987 3903 1064 3980 cod.
1098 3904 1141 3980 N.
1176 3909 1247 3980 451
1281 3933 1372 3982 saec.
1405 3933 1433 3999 0

247 4027 413 4126 quadrat
433 4031 637 4131 membran.
858 4035 862 4041 ’

299 4158 407 4246 Bora
432 4158 481 4233 B.
509 4158 670 4233 eiusdem
695 4161 856 4236 biblioth.
883 4161 960 4235 cod.
984 4161 1119 4236 11181
1147 4187 1236 4236 saec.
1255 4187 1306 4237 xv
1325 4189 1433 4238 mem·

247 4283 349 4356 bran.
376 4285 515 4360 formae
540 4311 633 4385 quae
656 4288 717 4361 fol
743 4289 860 4364 minor
885 4288 1022 4364 dicitur.

301 4410 452 4486 Praeter
477 4413 544 4488 hos
570 4439 702 4513 magno
727 4416 832 4491 nobis
857 4418 937 4490 usui
963 4419 1108 4493 fuerunt
1131 4421 1238 4492 trium
1262 4421 1433 4494 librorum

194 4563 282 4612 mss.
309 4541 347 4612 in
372 4540 591 4616 bibliotheca
616 4543 832 4618 Academiae
859 4545 1040 4619 Leidensis
1073 4559 1337 4621 asservatorum
1364 4548 1433 4620 col·
