3354 5052
278 317 351 389 436
748 333 783 396 o.
811 331 935 384 oraru
960 333 1045 384 num

274 537 401 612 perare
418 511 637 606 decreverat,
663 505 818 588 transitu
836 513 1014 590 difficilem
1040 540 1113 587 non
1139 517 1256 611 spatio
1275 519 1393 612 solum
1411 540 1521 614 aqua·

275 649 373 714 rum,
405 622 469 697 sed
495 624 603 698 etiam
629 627 726 700 saxis
756 627 975 726 impeditum.
1029 625 1265 700 Percontams
1291 628 1402 722 igitur
1427 627 1549 699 Phe-²

274 759 360 833 gea,
400 760 491 832 quae
529 735 712 810 noscenda
737 751 853 828 erant,
883 762 933 812 ·xr
966 737 1104 811 dierum
1144 737 1240 808 ultra
1277 735 1413 807 flumen
1456 763 1522 832 per

275 855 398 920 vastas
425 844 635 920 solitudines
659 847 728 920 iter
753 873 831 922 esse
857 852 1059 946 cognoscit3
1086 849 1254 947 excipere
1275 845 1408 920 deinde
1424 844 1522 920 Gan-

273 983 359 1056 gen,
390 957 587 1029 maximum
621 957 731 1030 totius
766 957 887 1030 Indiae
922 959 1123 1034 fluminum:
1160 959 1366 1032 ulteriorem
1402 959 1552 1056 ripams

274 1069 390 1142 colere
416 1077 541 1162 gentes
569 1062 790 1161 Gangaridas
816 1077 853 1140 et
879 1068 1039 1156 Prasios,
1068 1093 1261 1164 eorumque
1285 1095 1409 1167 regem
1437 1093 1523 1141 esse

273 1177 546 1275 Aggrammem,
573 1201 626 1248 xx
651 1177 792 1248 mihbus
818 1177 977 1273 equitum
1003 1176 1237 1274 ducentisque
1264 1178 1426 1276 peditum
1457 1180 1522 1251 ob·

273 1286 450 1360 sidentem
474 1287 562 1360 vias.
614 1285 675 1358 Ad
699 1285 768 1360 hoc
789 1285 1048 1385 quadrigarum
1074 1286 1147 1360 duo
1174 1289 1271 1361 milia
1296 1288 1452 1378 trahere,
1482 1301 1552 1360 etr

272 1399 502 1497 praecipuum
519 1408 694 1472 terrorem
707 1399 925 1496 elephantos,
945 1425 1035 1496 quos
1053 1401 1162 1473 trium
1178 1400 1313 1472 milium
1327 1423 1524 1471 numerum

273 1510 419 1609 explere
445 1506 597 1582 dicebat
640 1507 863 1582 Incredibilia
888 1511 964 1608 regi
990 1511 1110 1584 omnia
1135 1510 1359 1584 videbantur.
1400 1507 1552 1606 Igitur⁵

277 1620 411 1694 Porum
442 1618 546 1718 (nam
587 1643 669 1692 cum
695 1643 739 1692 eo
765 1617 865 1716 erat)
890 1629 1141 1716 percontatur,
1181 1645 1228 1694 an
1242 1645 1341 1694 aera
1379 1631 1518 1706 essent,

277 1755 368 1829 quae
394 1727 620 1802 dicerentur?
657 1727 736 1820 Ille,
767 1731 862 1804 vires
895 1728 1038 1827 quidem
1072 1732 1188 1826 gentis
1220 1741 1258 1805 et
1290 1733 1392 1828 regui
1418 1729 1552 1804 haudt

275 1843 365 1915 salso
390 1837 525 1928 iactari,
552 1839 723 1912 affirmat:
751 1851 909 1915 ceterum
926 1841 986 1938 qui
1011 1853 1181 1940 regnaret
1196 1867 1271 1915 non
1289 1840 1399 1914 modo
1417 1841 1522 1938 igno

274 1951 383 2026 bilem
407 1975 504 2041 esse,
537 1948 602 2022 sed
633 1952 742 2023 etiarn
765 1952 911 2025 ultimae
936 1951 1059 2042 sortis3
1092 1953 1224 2050 quippe
1254 1961 1396 2050 patrem
1438 1953 1520 2026 eius

274 2072 475 2150 tonsorem,
506 2061 570 2134 vix
604 2059 731 2134 diurno
765 2073 916 2159 quaestu
949 2062 1219 2161 propulsantem
1250 2063 1399 2152 famem,
1434 2087 1521 2160 pro-

274 2183 356 2271 pter
380 2171 543 2243 habitum
568 2170 666 2244 haud
690 2171 896 2246 indecorum
917 2172 1018 2245 cordi
1043 2173 1152 2264 fuisse
1179 2174 1333 2271 reginae.
1385 2171 1445 2260 Ab
1475 2189 1552 2246 eat

273 2285 311 2357 in
338 2281 545 2381 propiorem
571 2282 656 2373 eius,
683 2284 845 2379 quitum
871 2295 1072 2381 regnasset,
1107 2283 1282 2358 amicitiae
1308 2284 1427 2356 locum
1454 2282 1519 2356 ad·

271 2403 427 2483 motum,
458 2392 645 2466 interfecto
672 2417 715 2466 eo
741 2418 805 2491 per
829 2392 993 2486 insidias,
1027 2395 1094 2468 sub
1122 2396 1239 2494 specie
1266 2396 1399 2468 tutelae
1430 2395 1520 2470 libe·

273 2529 354 2590 mm
385 2503 461 2577 eius
492 2503 667 2577 invasisse
701 2529 868 2602 regnum,
908 2507 1114 2605 necatisque
1148 2507 1267 2604 pueris
1294 2506 1408 2596 hunc,
1454 2505 1519 2603 qui
1554 2567 1560 2578 .

271 2639 368 2689 nunc
392 2624 529 2712 regnat,
555 2639 756 2713 generasse,
782 2615 937 2688 invisum
963 2617 1140 2715 vilemque
1167 2615 1414 2715 popularibus,
1441 2640 1518 2688 ma·

271 2727 326 2825 gis
353 2735 524 2824 paternae
558 2727 741 2818 fortunae,
781 2751 887 2824 quam
914 2751 1018 2820 suae,
1053 2737 1256 2801 memorem.
1309 2726 1548 2799 affirmatios

309 2925 406 2998 Cap?
444 2929 467 2996 5.
486 2931 510 2978 2.
546 2927 664 2996 actam
688 2928 876 2981 cicindellas·
909 2925 987 2980 finxit
1002 2943 1032 2980 re
1069 2927 1104 2996 ls,
1122 2944 1176 2982 non
1194 2925 1333 2998 intelligas,
1364 2924 1422 2980 Mei
1439 2935 1516 2980 carte

271 2998 332 3118 pen]
367 2965 458 3065 Vulgo
473 2994 602 3074 Gangem,
620 2995 666 3048 ssd
686 2996 797 3065 Genyso
813 3013 875 3049 mss.
909 2995 1021 3050 nona
1049 2995 1149 3050 Coum
1165 2995 1236 3067 vulg.
1247 2998 1432 3066 Aqyrussm
1449 3011 1518 3049 con·

291 3065 371 3117 abere
398 3062 535 3117 contendit
561 3061 642 3116 Snak.
674 3071 703 3117 et
729 3071 875 3118 nostromm
909 3063 1038 3129 sentiunt,
1057 3063 1138 3118 ceteri
1155 3081 1298 3135 upprcmea
1316 3072 1364 3118 snt
1379 3081 1516 3132 ammas.

271 3132 400 3187 exhibent
416 3131 488 3184 Flor.
508 3129 574 3183 ADI
591 3131 670 3184 Bern.
688 3134 722 3186 A.
909 3133 998 3186 Ambo
1015 3133 1095 3186 Bern.
1117 3151 1153 3203 pp
1170 3133 1217 3186 sed
1234 3131 1386 3186 tenninstio
1402 3139 1517 3185 notatur

308 3205 331 3269 §-
349 3206 374 3254 ³.
411 3201 436 3253 0
492 3201 584 3252 aridas
602 3211 625 3253 et
643 3201 763 3268 Prasios]
799 3205 874 3253 Γαν-
910 3201 948 3253 sic
966 3209 995 3253 ut
1010 3200 1053 3253 vel
1072 3219 1111 3254 em
1128 3201 1170 3254 vel
1192 3218 1223 3254 en
1241 3199 1325 3270 possit
1346 3216 1411 3254 esse.
1445 3199 1516 3254 Dio-

274 3264 389 3340 δαρίδας
405 3284 475 3338 appe
487 3267 524 3320 lat
542 3267 682 3336 Diodorus,
701 3270 748 3321 sed
766 3285 875 3322 consen·
909 3270 989 3322 dorus
1006 3285 1030 3321 c.
1048 3275 1080 3323 98
1100 3264 1271 3348 Ξανδρᾰμην
1288 3269 1414 3390 appellat

272 3337 344 3388 tiunt
364 3335 534 3455 interpretes,
561 3353 657 3415 nomen
682 3337 748 3389 illud
769 3337 874 3390 Curtia·
944 3340 967 3405 §-
984 3344 1010 3390 4.
1045 3340 1083 3390 od
1098 3339 1155 3404 hoc]
1191 3337 1236 3392 Sic
1253 3335 1300 3390 Lei
1340 3337 1441 3391 Vos-al
1458 3339 1516 3458 ἕω]

272 3421 335 3458 uum
365 3419 426 3482 ,quo
466 3404 535 3456 idem
553 3403 650 3473 legitur
672 3404 875 3486 apud‘Plinium
908 3407 969 3473 luc)
988 3413 1018 3458 et
1035 3405 1118 3484 nostri
1131 3423 1221 3484 omnes
1234 3413 1346 3486 praeter
1354 3403 1457 3459 stone
1485 3406 1515 3458 H

271 3479 352 3610 aa
366 3477 518 3619 alulit?
527 3473 874 3622 atttlt'ttt‘tt:
907 3471 1513 3622 dlffiltlllllidlhllf'ill'dllt‘:

291 3607 875 3756 athamammma
905 3609 1151 3749 eramen
1172 3610 1292 3664 ,aa
1313 3626 1363 3679 ΡΝ
1380 3626 1420 3756 ‚⁶⁰
1439 3611 1512 3680 ‘¹⁰⁰⁶

269 3746 339 3797 rasti
365 3751 412 3797 aut
433 3745 574 3811 Parrasii,
601 3746 673 3823 qood
690 3761 784 3798 nomon
802 3745 872 3815 apud
908 3813 914 3826 .
941 3748 964 3814 ς.
983 3753 1007 3798 7.
1042 3749 1088 3826 put
1101 3749 1279 3816 concrepant]
1303 3743 1368 3825 hlon
1380 3745 1510 3824 improbo,

270 3820 567 3866 ceterosauctoresnon
583 3812 688 3882 legitur.
705 3813 774 3867 Nam
783 3819 872 3885 Πραι-
906 3831 986 3867 rmmo
1005 3831 1049 3884 qm
1071 3831 1140 3867 nanc
1166 3813 1254 3868 dicere
1276 3813 1355 3880 velit,
1381 3829 1406 3866 er
1433 3829 1514 3884 prae·

271 3886 347 3959 olous
363 3879 520 3933 Plutarchus
542 3890 572 3934 et
589 3881 728 3944 Aelianus,
750 3882 811 3934 item
828 3881 873 3934 Iu·
907 3897 966 3954 seps
988 3882 1093 3935 videtur
1114 3882 1287 3936 necessarium
1313 3897 1385 3949 ease,
1408 3883 1456 3934 sed
1473 3881 1513 3934 la·

269 3957 352 4000 mnus
368 3957 398 4000 ct
407 3947 524 4028 Orosius,
541 3955 683 4020 Πρασίους
691 3949 796 4029 Strabo,
813 3949 873 4003 Ste-
907 3950 977 4003 tinus
1007 3967 1093 4005 sermo
1124 3951 1230 4004 videtur
1256 3959 1342 4004 tamen
1373 3949 1513 4020 postulare

269 4015 655 4138 tt²¹.¹”allat:.⁸tt.⁰ltt
675 4018 873 4140 dmm*
905 4019 1225 4141 tta-'‘tt'tttt
1247 4019 1427 4140 hiemali
1446 4035 1512 4140 tt

283 4101 499 4233 ‘hypsommsrnl
542 4153 614 4206 Flor.
636 4125 660 4204 [i
686 4127 871 4233 apprommen,
905 4157 951 4225 qui
968 4105 1171 4236 longanae
1189 4105 1300 4234 calipha
1355 4153 1451 4207 einsius
1468 4171 1512 4208 re·

268 4229 336 4340 ἱιιοίιιξ
352 4220 645 4356 esdlffihigngdndtrdd
660 4219 827 4344 ffl'ffl
840 4231 871 4344 lp,
903 4233 967 4346 {neg
990 4224 1158 4278 sorbendum
1185 4233 1306 4277 coniecit
1350 4222 1393 4276 Cf.
1415 4223 1449 4276 sd
1466 4238 1509 4292 m,

268 4306 455 4435 canephoras,
473 4374 507 4410 sn
525 4357 778 4411 adterminationem
796 4309 871 4412 edus
928 4330 1050 4414 ’indicam
1066 4362 1198 4432 talemque]
1217 4359 1347 4412 Diodorus
1358 4358 1376 4413 l.
1384 4358 1401 4413 1.
1412 4357 1509 4425 εὐτελῆ

269 4433 411 4496 pertineat,
434 4443 484 4496 pro
501 4435 630 4497 perpetua
646 4443 725 4497 quam
747 4427 796 4481 sihi
814 4428 871 4499 ipse
905 4427 1053 4485 παντελῶς
1071 4430 1144 4481 εἶναι
1163 4434 1209 4481 καὶ
1228 4425 1344 4490 ἄδοξον.
