3324 5054
219 331 269 402 84
683 342 718 405 o.
754 341 877 394 cunru
910 340 996 394 num

218 535 351 601 cerent.
406 523 496 598 Unci
523 553 664 625 quoque
690 540 728 601 et
751 529 868 617 falces,
896 552 943 598 ex
968 523 1095 596 iisdem
1121 526 1300 600 asseribus
1329 528 1459 625 depen·
1480 543 1516 590 25

219 637 363 727 dentes,
410 647 474 710 aut
518 649 803 737 propugnatores
841 645 906 707 aut
944 635 1021 729 ipsa
1059 633 1204 729 navigia
1240 637 1458 710 lacerabant.

220 745 376 846 Clypeos
409 772 497 823 vero
531 775 655 822 aereos
685 746 797 818 multo
831 746 913 840 igne
939 742 1146 830 torrebant,
1180 768 1269 838 quos
1302 748 1460 840 repletos

218 859 358 932 fervida
392 860 527 932 harena
561 879 741 951 coenoque
773 852 920 924 decocto
952 877 972 923 e
1003 853 1113 924 muris
1146 853 1265 927 subito
1291 853 1461 927 devolve·

217 969 317 1044 bant.
357 969 432 1044 Nec
457 971 531 1040 ulla
557 967 666 1063 pestis
693 964 804 1061 magis
832 963 1039 1036 timebatur:
1066 965 1198 1064 quippe
1225 966 1287 1039 ubi
1311 965 1460 1038 loricam
1480 979 1518 1026 ²⁰

219 1104 419 1179 corpusque
454 1078 597 1148 fervens
624 1075 757 1148 harena
782 1085 1049 1173 penetraverat,
1084 1101 1152 1148 nee
1178 1077 1250 1148 ulla
1274 1077 1312 1148 vi
1338 1077 1461 1151 excuti

217 1198 378 1288 poterat,
404 1196 442 1258 et
468 1183 634 1283 quicquid
659 1188 829 1285 attigerat
852 1185 1060 1285 perurebat,
1092 1186 1333 1281 iacientesque
1358 1212 1461 1260 arma

217 1299 382 1370 laceratis
410 1297 591 1388 omnibus,
624 1298 701 1394 quis
732 1298 871 1395 protegi
903 1304 1088 1393 poterant,
1120 1295 1329 1368 vulneribus
1355 1299 1460 1369 inulti

217 1407 410 1506 patebant:
445 1409 545 1481 corvi
577 1433 663 1482 vero
699 1420 737 1481 et
765 1409 901 1480 ferreae
927 1430 1055 1478 manus
1082 1417 1262 1478 tormento
1289 1406 1459 1478 remissae

218 1519 632 1618 plerosquerapiebant

170 1643 217 1714 17
322 1628 391 1702 Hic
416 1655 484 1703 rex
509 1629 678 1724 fatigatus
704 1629 1024 1700 statuerat-soluta
1049 1625 1235 1699 obsidione
1248 1625 1460 1724 Aegyptum
1470 1643 1521 1690 IV-

33 1807 36 1812 ,
73 1781 78 1786 -
158 1823 160 1829 1
218 1751 351 1839 petere.
404 1736 546 1835 Quippe
577 1762 657 1810 cum
683 1735 806 1809 Asiam
837 1737 973 1836 ingenti
998 1737 1189 1809 velocitate
1214 1738 1460 1832 percurrisset,

25 1865 30 1870 ’
102 1917 104 1922 ,
219 1849 313 1922 circa
346 1872 468 1920 muros
503 1849 608 1920 unius
641 1845 737 1919 urbis
762 1845 950 1946 haerebat}
982 1857 1038 1919 tot
1068 1845 1307 1918 maximarum
1337 1871 1460 1918 rerum

254 2035 277 2100 §-
296 2037 337 2086 25.
356 2033 381 2085 cl
414 2048 457 2085 eos
475 2046 566 2083 aerem
583 2046 631 2099 pro
646 2029 717 2100 vulg.
726 2047 819 2084 caseos
855 2035 903 2084 tot
985 2039 1039 2082 tom
1050 2039 1194 2100 penetrare
1211 2031 1313 2083 mediae
1329 2030 1459 2083 Sutme.

218 2116 309 2155 omues
343 2101 392 2154 cod
454 2097 539 2151 nostri
574 2105 602 2150 et
627 2097 819 2169 snakenburgii
852 2046 1016 2152 mamm
1034 2099 1136 2168 Argon.
1150 2104 1249 2165 walt
1269 2099 1460 2167 mianum

218 2167 332 2233 tabent,
355 2167 424 2221 sicut
446 2180 492 2232 11,
515 2173 549 2220 29
571 2182 675 2219 sermm
696 2169 721 2220 d
853 2167 932 2221 travit
949 2167 1039 2220 Iason.

218 2235 339 2305 (Clipeos
370 2235 485 2290 libenter
516 2233 638 2304 equidem
671 2183 819 2302 πίω

218 2304 266 2358 sed
283 2302 377 2374 optimi
393 2303 469 2358 codd
487 2301 515 2356 in
534 2303 584 2356 boc
600 2304 680 2356 verbo
690 2301 820 2356 Graecum
855 2301 928 2375 quod
945 2302 972 2356 in
990 2301 1062 2356 libris
1080 2301 1202 2356 omnibus
1215 2302 1315 2374 legitur
1323 2301 1460 2356 etuostris

217 2372 337 2426 litterum
354 2375 481 2436 matut)
518 2370 704 2424 Ciceronianae
725 2369 821 2425 aetatis
854 2381 883 2425 et
901 2387 967 2442 quos
976 2369 1109 2424 Snskenb.
1119 2371 1240 2426 adhibuit
1257 2379 1340 2452 etque
1356 2368 1460 2424 editum

218 2441 304 2494 forme
320 2447 361 2492 eet
379 2457 491 2505 oeneus,
518 2447 547 2491 et
569 2439 662 2492 dubito
679 2456 741 2492 uum
758 2456 821 2492 vers
854 2440 938 2494 suits
954 2438 1056 2492 Modio.
1079 2439 1123 2490 Vu
1188 2449 1321 2493 mento
1338 2441 1460 2492 ιιιιίιειιο.

218 2509 255 2562 sit
271 2506 434 2562 Doederlinii
456 2506 591 2562 distinctio
615 2507 648 2560 T.
668 2523 698 2560 vr
720 2516 821 2577 etymo·
854 2509 962 2562 remim
985 2506 1110 2560 dicuntur
1131 2527 1140 2560 1
1201 2507 1254 2560 tels
1277 2507 1373 2560 laxatis
1389 2507 1460 2560 fimi-

218 2575 273 2647 log.
291 2594 395 2630 aueum
413 2577 446 2628 de
464 2575 584 2638 materie,
600 2593 706 2629 aeneum
721 2577 821 2630 deerte
856 2578 918 2642 bus,
943 2575 1015 2646 quod
1032 2575 1123 2628 eodem
1141 2575 1275 2630 contentis
1292 2577 1460 2649 adduceban-

217 2644 279 2712 dioi,
298 2662 359 2697 nem
376 2663 419 2716 sp.
438 2644 507 2716 Nep.
525 2644 620 2715 Iphicr.
641 2654 651 2698 l
672 2661 767 2698 aeneae
784 2646 821 2697 lc·
855 2653 912 2708 tur-3
931 2653 1025 2714 estque
1038 2645 1147 2698 verbum
1162 2644 1238 2698 huius
1258 2644 1296 2697 rei
1313 2643 1460 2714 proprium.

217 2715 291 2766 sicae
318 2714 352 2766 sd
377 2713 515 2766 materiem
541 2713 653 2765 maxime
679 2713 820 2782 pertinent.
890 2713 957 2784 Cap.
976 2721 1017 2778 17,
1037 2715 1060 2781 5.
1080 2720 1102 2765 1.
1120 2713 1175 2765 Hic
1192 2713 1250 2782 res]
1270 2711 1355 2764 Recte
1371 2713 1422 2778 lic,
1442 2711 1460 2766 i.

219 2781 346 2835 Ceterum
365 2797 423 2834 eom
440 2782 552 2834 formam
562 2780 697 2834 Bentleius
711 2781 821 2833 sdHor.
855 2797 879 2834 e.
896 2782 975 2835 rebus
996 2779 1034 2832 its
1055 2779 1214 2850 comparatis
1236 2787 1279 2846 (ut
1301 2798 1324 2834 e.
1344 2787 1374 2835 ts
1393 2783 1461 2850 pn),

218 2852 303 2903 Serm.
321 2863 353 2916 11,
372 2857 398 2914 8,
421 2854 469 2904 183
487 2848 580 2902 scribit
598 2865 651 2901 non
668 2865 724 2900 esse
741 2847 821 2902 trium
856 2849 931 2901 dedit
947 2847 1045 2913 Alcon
1063 2847 1163 2970 {riores
1175 2848 1462 2969 liafluodinventum

219 2917 395 2986 syllabarum,
418 2925 491 2970 certe
508 2934 562 2969 non
579 2919 648 2986 apud
666 2923 759 2987 poetes
777 2933 821 2968 ve·
856 2914 947 2970 estin
969 2914 1042 2969 Flor.
1091 2956 1098 2968 .
1138 2917 1210 2969 Hinc
1256 2933 1312 2970 ern.
1337 2917 1360 2970 B
1386 2915 1462 2969 Flor.

218 2992 305 3052 teres,
327 2987 374 3038 sed
396 2992 503 3038 aeneam
576 2985 761 3051 nuntiandum,
777 2985 822 3058 ¹de
856 2984 919 3039 ΒΗ.
1113 3001 1115 3007 ·
1418 3037 1422 3044 ,

221 3069 275 3132 quo
293 3053 344 3106 etsi
367 3053 474 3106 dubitet
491 3053 528 3107 Sc
547 3053 666 3106 neiderus
690 3051 820 3106 inElem.
890 3053 991 3122 ingenti
1011 3055 1144 3106 velocitate
1169 3069 1260 3105 omnes
1282 3051 1358 3106 codd.
1375 3050 1467 3106 nostr-i

220 3121 284 3191 lmg.
312 3120 372 3174 Lut.
391 3140 416 3192 p.
441 3128 505 3187 130,
529 3129 619 3174 temen
640 3121 821 3174 Bentleienem
856 3129 885 3175 et
902 3120 984 3174 Snslr.
1007 3139 1056 3190 pro
1081 3119 1153 3190 vulg.
1175 3123 1307 3173 celeritate
1324 3119 1467 3190 ediditque

219 3188 380 3242 sententium
397 3205 451 3242 non
468 3189 574 3270 refellit.
608 3189 668 3242 Erit
690 3188 771 3258 igitur
788 3190 822 3242 sb
857 3189 972 3269 Modius,
990 3188 1018 3240 in
1035 3205 1068 3242 eo
1086 3206 1168 3268 vanus
1187 3190 1258 3259 quod
1271 3188 1467 3268 ¹ubicunquein

219 3257 822 3395 fflili'zliltfflldlffllupldssi'd
856 3257 1469 3404 {t'ttttttlttttttttttffi

220 3397 288 3446 utino
308 3393 450 3446 sonnatum
467 3393 626 3447 adiectivum
643 3397 756 3446 aheneus
770 3394 823 3445 sive
857 3394 962 3447 dicavit.
1003 3393 1073 3446 Nem
1101 3402 1297 3460 comunguntur
1323 3409 1356 3445 es
1382 3394 1469 3447 verbe

220 3468 324 3514 oeneus.
342 3461 409 3514 Mox
427 3464 529 3514 torena
547 3470 576 3514 et
593 3461 618 3514 h.
637 3461 654 3513 l.
671 3470 700 3514 ct
717 3461 764 3514 reli
785 3461 823 3513 uis
858 3477 916 3528 vn,
941 3469 953 3513 7
992 3463 1131 3516 Velocitate
1160 3480 1225 3530 opus
1250 3471 1289 3514 est
1335 3480 1369 3514 uu
1398 3464 1468 3514 celess

222 3538 378 3582 constanter
395 3529 500 3583 codices
510 3529 641 3592 Curtisni,
651 3547 718 3599 quae
732 3479 823 3581 cedern
857 3532 961 3583 ritatem
969 3532 1066 3600 sumac
1091 3533 1240 3583 antecedas.
1363 3529 1468 3583 factum

220 3597 351 3668 scriptura
368 3605 410 3650 cst
428 3597 454 3650 in
464 3597 577 3666 Vergilii
594 3597 682 3650 codice
696 3597 823 3650 ltlediceo.
860 3599 925 3653 illud
951 3607 993 3651 cst
1015 3600 1087 3668 quod
1108 3597 1216 3650 Medius
1233 3597 1356 3666 queritur
1372 3611 1401 3663 V,
1419 3605 1468 3666 24,

257 3668 280 3733 ξ.
292 3672 334 3719 26.
353 3667 460 3718 leticum
472 3683 633 3735 corpusque-
636 3668 825 3735 penetraverat]
861 3674 876 3720 2
895 3669 995 3720 nullm
1011 3668 1176 3719 immodum
1198 3669 1325 3719 adversus
1344 3667 1469 3720 velocita-

220 3733 285 3788 Noli
311 3734 345 3786 ds
371 3733 532 3803 corrigendo
560 3732 615 3787 loco
641 3734 770 3803 cogitare,
798 3742 829 3786 ut
861 3746 910 3788 tent
932 3733 1026 3805 (vulgo
1046 3737 1216 3803 celeritates)
1240 3736 1296 3786 eius
1318 3736 1385 3788 satis
1408 3737 1469 3788 lon-

219 3800 353 3856 efficiatur
370 3801 444 3872 qussi
463 3804 533 3854 inter
553 3804 660 3855 loricam
673 3819 827 3923 οοηιιιιῖιιει
859 3823 921 3873 peon
938 3805 1087 3869 uidebatur,
1110 3803 1155 3856 ubi
1172 3809 1351 3874 praecesserat
1368 3804 1470 3858 veritus

221 3870 320 3924 dicitur
337 3869 407 3922 enim
422 3871 473 3924 hoc
487 3870 605 3923 oratorio
615 3870 770 3939 quodsmco
780 3888 827 3924 ore
860 3889 893 3924 ne
910 3873 1040 3926 celeritate
1058 3873 1209 3924 Alexandri
1225 3881 1403 3940 occuparetur.
1422 3871 1469 3926 Cf.

220 3957 270 4060 pm
293 3937 338 3990 ubi
368 3938 471 3992 fervens
499 3939 598 3991 harena
624 3957 671 4008 per
695 3939 827 3992 foramina
861 3940 982 4010 Appeud.
1007 3955 1048 4008 vl,
1072 3948 1097 4007 7,
1121 3947 1144 3994 5.
1189 3941 1312 4009 Utraque
1339 3957 1392 3993 vox
1419 3941 1470 3994 sed

232 4007 319 4061 oricus
355 4023 439 4077 usque
474 4007 509 4060 cd
541 4023 635 4078 corpus
661 4017 826 4077 pervenerat.
861 4009 944 4079 magis
974 4011 1095 4062 uelocitas
1129 4009 1163 4061 ud
1193 4008 1301 4062 insituin
1332 4007 1469 4062 bominum

221 4075 293 4130 Nam
313 4087 457 4154 penetrare
493 4093 553 4129 cum
588 4075 737 4130 accusativo
772 4094 826 4129 nou
861 4077 887 4130 in
923 4077 995 4130 nium
1017 4078 1147 4141 refertur,
1175 4095 1236 4128 narn
1263 4083 1353 4146 potest
1373 4075 1469 4146 aliquis

221 4145 302 4198 modo
319 4143 386 4197 rllud
410 4143 543 4215 significat
556 4161 693 4212 permeare
710 4147 826 4212 aliquam
861 4163 891 4199 ce
901 4163 930 4198 er
947 4163 1002 4199 esse
1019 4145 1185 4210 necessitate,
1195 4145 1240 4214 qui
1258 4154 1353 4198 natura
1363 4162 1415 4199 non
1425 4157 1471 4198 est

222 4230 293 4276 rem,
321 4213 394 4282 quod
417 4221 458 4266 est
481 4221 623 4284 penetrare
641 4231 691 4282 per
712 4213 826 4282 aliquam
861 4215 947 4267 velox.
984 4213 1037 4266 Sed
1056 4213 1119 4282 quid
1138 4213 1263 4266 meruisse
1281 4223 1359 4284 putes
1377 4231 1470 4266 corru-

222 4296 292 4346 rem,
316 4280 363 4333 sed
387 4281 468 4334 etiem
487 4297 536 4351 per
555 4281 617 4334 alius
635 4298 675 4333 res
694 4281 828 4351 usquead
862 4291 960 4353 ptores,
998 4299 1090 4334 uorum
1108 4281 1135 4333 in
1154 4281 1272 4335 ludibriis
1289 4281 1470 4353 expurgandis

222 4347 339 4418 aliquam
356 4365 413 4402 rem
431 4348 583 4420 pervenire,
622 4351 673 4403 uod
691 4358 731 4422 cst
748 4367 828 4420 pene·
862 4351 918 4406 otio
936 4300 1086 4421 viribusque
1104 4350 1256 4404 abutimur?

222 4425 296 4472 trare
313 4420 352 4471 od
368 4418 412 4470 rcl
429 4421 458 4471 ιἰι
476 4417 586 4488 aliquid.
633 4419 657 4473 ic
674 4419 789 4473 luvensl.
801 4425 826 4486 t,

888 2244 1012 2288 ωπιιαιεο
1033 2235 1170 2302 resinae]
1212 2233 1330 2288 Restitui
1356 2235 1460 2288 auctori
