3336 5066
584 797 632 902 Q.
671 797 901 885 OURTII
939 801 1095 886 RUFI

815 1009 865 1060 Da

720 1165 972 1234 GESTIS

219 1338 242 1566 ᾗ
332 1381 947 1503 ALEXANDRI
1003 1309 1336 1501 Mrem

621 1621 750 1678 REGIS
777 1619 1062 1680 MACEDONUM

738 1811 881 1876 LIBER
899 1811 959 1878 VI.

764 2055 920 2064 *-

666 2283 1003 2344 ,ARGUMENTUM

218 2407 349 2508 Auctor,
366 2450 508 2511 macunen
526 2442 677 2494 Alexandri
693 2441 830 2494 baioriam
848 2458 929 2510 reque
946 2443 985 2495 ad
1001 2441 1088 2494 Darei
1104 2451 1211 2496 mortar
1228 2444 1371 2510 enarravit,
1389 2459 1464 2513 repe-

219 2519 275 2571 aar
292 2519 370 2572 rebar
388 2520 493 2592 interim
510 2520 539 2570 in
560 2517 676 2572 Graecia
692 2520 790 2588 pectis,
812 2520 961 2572 tradiderat
983 2520 1015 2572 de
1032 2519 1171 2572 rebellione
1187 2520 1463 2588 lacedomoniam,

219 2595 265 2664 qai
281 2611 351 2648 anna
369 2611 396 2647 o.
416 2593 480 2648 Clr.
498 2605 554 2649 nat.
572 2601 632 2648 tal.
650 2597 789 2665 incipiente
806 2604 915 2662 nectale,
933 2595 1022 2664 Apide
1037 2612 1100 2664 repe
1117 2613 1164 2650 ruo
1182 2595 1463 2666 dace,Peloponneeio-

218 2689 278 2725 treta
290 2672 427 2742 plerisque
443 2673 472 2724 in
488 2681 580 2739 partae
592 2673 741 2739 perductio,
759 2689 836 2724 aaran
854 2674 982 2724 adumar
999 2673 1161 2726 Macedonee
1178 2682 1317 2726 moverant.
1351 2674 1386 2726 Ee
1404 2690 1463 2726 carn

219 2751 296 2802 letitia
313 2765 368 2801 rern
381 2747 509 2818 prospere
524 2749 679 2817 accelerent,
697 2765 729 2801 ac
747 2748 944 2817 Meqalopolim,
962 2750 1061 2802 scamna
1070 2748 1261 2803 Macedonibus
1279 2751 1375 2816 arbem,
1393 2751 1463 2803 obei-

219 2827 280 2879 dere
297 2827 451 2894 eoepbnn,
465 2834 605 2894 poetam
624 2826 775 2894 Antipater,
789 2827 942 2893 praefectae
961 2827 1128 2892 Alexandri,
1139 2843 1170 2880 ec
1182 2821 1296 2879 Tlracia
1315 2843 1372 2879 cam
1389 2843 1464 2879 eaer-

218 2904 272 2955 citu
293 2904 412 2968 aduertit,
435 2903 496 2954 belli
510 2903 626 2972 fortuna
648 2909 749 2954 motata
772 2911 819 2954 ea.
864 2902 906 2969 (1)
927 2901 1011 2971 Apud
1027 2901 1222 2973 Megalopolim
1246 2901 1303 2956 acie
1325 2901 1463 2972 cangruaai

216 2975 426 3032 Lacadaarnonii
437 2977 640 3032 etMacednnaa
658 2976 705 3029 diu
723 2977 833 3048 ancipiti
844 2977 933 3032 Marte
951 2989 1113 3048 pugnarunt,
1131 2994 1219 3050 neque
1236 2978 1284 3046 illi,
1303 2995 1463 3049 quamquam

119 3107 123 3112 ,
216 3053 358 3108 vulnerato
381 3051 471 3124 Agide
493 3069 573 3125 rega,
597 3051 730 3122 proelium
749 3053 911 3120 omiserunt,
940 3059 981 3122 (a)
999 3055 1097 3120 donec,
1122 3063 1265 3126 ruperanto
1282 3055 1463 3125 Macedonum

217 3129 401 3198 multitudiue,
424 3131 522 3184 cedere
543 3129 631 3184 coacti
656 3137 725 3183 aunt.
770 3129 831 3199 lpae
854 3130 936 3200 Agis,
959 3131 999 3184 aie
1015 3149 1105 3202 regem
1123 3132 1397 3186 Lacedaemoniorum
1415 3133 1463 3184 de·

218 3222 280 3260 cera
298 3213 382 3274 ratus,
400 3207 516 3278 repetito
535 3205 690 3273 camerulae,
710 3205 816 3273 cecidit,
835 3223 886 3259 nec
904 3206 1043 3261 incruenta
1059 3208 1256 3262 Macedonibus
1274 3207 1386 3262 victoria
1402 3207 1461 3261 luit.

218 3286 260 3350 (8)
277 3283 319 3337 Ea
335 3291 427 3336 tamen
443 3283 565 3352 victoria,
584 3282 676 3336 fractis
694 3283 810 3336 boatium
829 3283 932 3350 animia,
951 3301 1006 3354 pax
1023 3284 1051 3337 in
1069 3283 1185 3338 Graecia
1202 3283 1337 3352 reatinam
1356 3286 1390 3337 de
1408 3283 1462 3338 La·

217 3359 398 3414 cedacrnoniia
415 3377 457 3414 ree
476 3360 614 3431 adipsum
629 3360 815 3412 Alexandnnn
833 3361 934 3414 reiecta
951 3370 1000 3414 est.

185 3493 188 3512 Ι
284 3441 326 3505 (t)
344 3437 446 3491 Verum
469 3435 619 3491 Alexandri
644 3452 734 3489 morea
751 3445 815 3507 poet
833 3437 915 3490 Darei
937 3445 1051 3493 mortem
1072 3437 1170 3492 mutari
1188 3448 1349 3509 coeperunt,
1375 3445 1404 3492 et
1421 3439 1457 3492 ad

216 3512 347 3566 luxuriam
368 3513 511 3567 Parcarum
533 3513 683 3584 depravari.
728 3518 770 3582 (5)
794 3513 965 3568 Convivinlec
989 3515 1067 3568 ludoa
1090 3517 1229 3569 celebrans
1251 3514 1322 3568 inter
1339 3514 1458 3585 captivae

216 3591 335 3644 moritu
353 3599 480 3644 ementes
496 3599 606 3661 neptem
624 3589 710 3658 Ochi,
730 3590 794 3644 olim
811 3590 882 3661 regia
900 3591 1058 3658 Parcarum,
1077 3590 1193 3660 invenit,
1218 3607 1329 3662 eamque
1349 3590 1458 3646 commi·

130 3683 137 3694 ·
215 3675 318 3720 aarum
336 3666 365 3720 in
381 3666 521 3737 pristinam
537 3667 672 3720 lorwuam
690 3668 813 3722 mutarit.
845 3668 914 3720 Item
932 3679 1036 3722 ceterae
1055 3668 1177 3738 captivos
1196 3668 1363 3738 recognovit,
1381 3685 1458 3722 auum

214 3743 386 3797 nobilissimis
409 3744 540 3797 honorem
561 3759 679 3796 narrans.
720 3749 761 3812 (G)
783 3745 817 3797 In
838 3745 905 3797 urbe
928 3744 1088 3799 Parthienen
1112 3745 1310 3814 Hecatompylo
1329 3745 1459 3798 aemulan

214 3817 326 3872 militnm
343 3819 375 3872 fit
390 3829 503 3890 propter
518 3820 615 3874 saluum
632 3837 775 3889 rumorem,
793 3822 867 3884 velle
883 3839 975 3892 regem
991 3822 1152 3893 propediem
1170 3821 1199 3874 in
1216 3819 1331 3890 patriam
1348 3820 1460 3886 reverti,

214 3913 294 3966 quam
310 3904 341 3950 ut
357 3897 473 3964 sedaret,
492 3895 565 3950 lucau
582 3896 779 3966 praefectorum
798 3899 954 3952 Alexander
971 3900 1029 3970 ipae
1047 3899 1199 3954 orationem
1216 3897 1317 3964 habuit,
1347 3903 1386 3964 (7)
1405 3915 1461 3968 qua

215 3973 307 4027 docuit
323 3974 360 4025 ad
377 3981 635 4040 certam-terrarum,
654 3991 720 4044 quaa
739 3975 882 4046 cepissent,
900 3976 1100 4046 possessiouem
1119 3994 1187 4047 opua
1206 3990 1265 4028 ease
1283 3973 1372 4042 aliquo
1391 3980 1459 4026 tem-

213 4067 294 4120 pore,
318 4052 360 4120 (8)
379 4067 466 4121 neque
485 4051 547 4106 dum
565 4066 658 4105 omnes
681 4061 790 4120 gentes,
813 4071 883 4124 quaa
900 4054 990 4106 Dareo
1009 4053 1173 4123 pamicscnt,
1195 4052 1230 4104 ab
1249 4048 1313 4119 ipsis
1332 4050 1457 4102 subactae

213 4142 282 4192 eane,
300 4144 379 4198 quac,
399 4125 421 4180 ai
439 4127 541 4182 liberae
559 4137 712 4195 manerent,
730 4147 794 4183 mox
813 4131 912 4183 bellum
930 4139 1108 4184 renovaturac
1126 4137 1230 4195 essent,
1254 4131 1296 4196 (9)
1314 4142 1456 4195 superesse

213 4202 328 4275 deniqne
346 4205 469 4272 Bessum,
487 4205 516 4258 iu
532 4205 685 4276 propinquo
703 4205 812 4260 sceleris
830 4207 955 4278 praemiis
974 4209 1116 4276 latentem,
1134 4223 1215 4278 quarn
1227 4211 1257 4257 ut
1266 4201 1457 4256 ulciscerentur

213 4286 242 4332 et
257 4279 383 4334 virtulem
401 4290 430 4335 et
447 4282 527 4335 fidem
545 4282 690 4353 postulare.

173 4423 175 4438 Ι
281 4362 340 4428 (10)
360 4358 488 4412 Tumultu
511 4359 592 4430 igitur
613 4359 726 4414 militum
749 4364 858 4431 caelato,
882 4364 1039 4418 Alexander
1056 4380 1105 4435 per
1123 4363 1287 4417 Parthienen
1305 4361 1332 4413 iu
1350 4359 1455 4430 Hyrca·

210 4432 283 4488 niam
299 4445 399 4490 moret
433 4437 540 4492 Nabua
556 4437 643 4508 vallia,
664 4457 794 4510 quanam
812 4449 910 4496 terram
928 4443 1041 4512 adeunt,
1065 4449 1094 4494 et
1111 4441 1195 4495 amnia
1213 4438 1334 4494 Ziobetis
1353 4435 1455 4490 deacri-
