3336 5066
172 265 253 344 '218
645 278 680 342 Q.
715 275 839 329 curru
871 275 958 326 aum

178 475 302 566 petere
334 461 501 535 Dareum
567 459 728 537 Certiora
762 458 892 535 deinde
926 457 1111 556 cognoscit
1145 484 1194 532 ex
1227 457 1456 557 Bagistane³

179 573 398 672 Babylonio:
431 599 505 647 non
538 572 702 672 equidem
733 573 894 646 vinctum
927 593 1065 666 regem,
1100 569 1166 643 sed
1200 571 1237 642 in
1263 569 1422 668 periculo

180 707 260 758 esse
286 695 351 758 aut
375 686 512 776 mortis,
539 696 603 756 aut
627 683 851 756 uinculorum
877 679 1088 754 affirmabat.
1141 677 1238 769 Rex,
1271 679 1461 753 ducibua⁴

180 797 398 888 convocatis,
424 797 627 884 Mummiam
653 793 777 889 inquit,
803 818 903 892 opta,
928 791 990 867 red
1015 789 1106 864 labor
1129 789 1345 864 breoiacimm
1368 815 1424 862 aa·

179 921 299 1008 petest.
351 907 492 982 Dorcua
525 901 618 976 luud
643 901 764 1000 procrd
787 901 959 976 ἀειιιιιιιιιι
984 925 1007 975 a
1031 902 1122 993 auis,
1147 912 1208 974 out
1232 923 1423 998 oppressm

181 1014 821 1112 Iniiiooorporepoeitoestnostra
852 1008 1426 1102 mctmaiuettasuoresoelm'to·

180 1129 223 1202 tia
248 1138 295 1200 est
316 1123 518 1222 praemium
572 1117 706 1195 Omnes
732 1119 867 1219 pariter
893 1120 1127 1209 conclamant,
1153 1129 1300 1217 paratos
1326 1120 1460 1218 ipaosa

182 1235 300 1332 sequi;
336 1257 403 1306 nec
438 1231 568 1322 labori,
605 1257 671 1304 neo
709 1229 867 1328 periculo
910 1239 1082 1326 parceret
1147 1227 1262 1326 Igitur
1292 1230 1426 1325 raptim

182 1367 312 1442 agmen
339 1367 464 1418 cursus
489 1343 604 1440 magis
629 1367 739 1441 quam
762 1339 898 1413 itineris
924 1337 1034 1412 modo
1061 1337 1168 1429 ducit,
1188 1362 1234 1411 ne
1247 1347 1426 1410 nocturna
1465 1393 1467 1396 -

182 1452 328 1551 quidem
359 1455 478 1552 quiete
513 1451 679 1528 diurnum
711 1451 871 1524 laborem
904 1450 1101 1523 relaxante.
1165 1448 1292 1546 Itaque
1327 1447 1461 1544 quin-a

182 1577 293 1663 genta
319 1565 437 1639 stadia
461 1564 646 1663 processit,
672 1569 957 1660 perventumque
983 1570 1061 1633 erat
1086 1561 1123 1632 in
1149 1561 1279 1648 vicum,
1292 1558 1330 1631 in
1355 1581 1428 1654 quo

181 1675 342 1749 Dareum
377 1675 510 1748 Bessus
545 1669 872 1769 comprehenderat.
932 1669 989 1742 lbi
1023 1667 1144 1744 Melon
1178 1669 1287 1742 Darei
1318 1669 1461 1742 inter-⁷

184 1809 268 1882 pres
303 1783 489 1881 excipittu.
542 1779 700 1879 Corpore
731 1804 838 1878 aeger
872 1806 946 1854 nou
979 1791 1149 1876 potuerat
1174 1804 1304 1879 agmen
1328 1803 1427 1853 aase-

84 1961 87 1974 .
184 1895 256 1990 qui,
283 1903 321 1968 et
347 1893 589 1993 deprehensus
616 1893 796 1965 celeritate
821 1893 933 1990 regis,
959 1893 1184 1990 transfugam
1210 1915 1250 1964 se
1277 1915 1357 1984 esse
1383 1888 1428 1962 si·

137 2007 144 2062 ἰ
184 2001 355 2078 mulaba't.
408 2003 466 2076 Ex
492 2003 561 2076 hoc
586 2013 667 2076 acta
692 2004 884 2099 cognoscit.
938 1999 1011 2077 Sed
1042 2001 1200 2098 fatigatis
1226 1988 1463 2074 necessariass

185 2115 287 2211 quies
314 2123 401 2188 erat
453 2113 579 2210 ltaque
605 2113 750 2186 delectis
776 2115 937 2210 equitum
962 2138 1030 2186 aex
1055 2113 1209 2200 milibus,
1234 2119 1427 2198 trecentos,

187 2251 283 2323 quos*
309 2223 501 2297 Dimachas
541 2224 789 2321 appellabant,
826 2223 1007 2322 adiungit:
1047 2223 1155 2296 dorso
1189 2222 1227 2294 hi
1260 2220 1458 2318 graviora:

186 2458 231 2512 ubi
241 2459 372 2528 penituit,
396 2455 424 2510 ἰιι
440 2473 493 2538 qua
510 2457 560 2510 scri
580 2465 639 2510 tura
656 2473 716 2510 cum
733 2475 788 2511 non
821 2455 928 2511 Modius
946 2458 1043 2526 tradit,
1061 2457 1125 2510 item
1144 2453 1227 2509 Snalr.
1245 2472 1298 2508 non
1316 2451 1428 2506 inveniri

186 2525 281 2580 iniuria
305 2525 420 2580 'Modius
454 2533 560 2596 interpo
586 2525 652 2579 toris
683 2543 788 2578 manum
822 2523 850 2578 in
871 2525 948 2578 Leid.
971 2527 1049 2580 Voss.
1070 2531 1092 2577 1.
1127 2523 1171 2576 De
1194 2522 1291 2578 nostris
1313 2539 1368 2576 non
1385 2529 1429 2575 est

185 2592 372 2665 perspexisset,
391 2591 466 2646 nimia
479 2601 567 2646 umen
577 2593 656 2664 longe
666 2611 788 2664 progres-
822 2592 849 2646 in
867 2593 948 2646 Bern.
966 2595 991 2647 Α
1008 2593 1080 2647 Flor.
1089 2594 1124 2659 A,
1142 2591 1189 2644 sed
1206 2590 1306 2662 legitur
1321 2589 1350 2644 in
1365 2589 1428 2643 rali-

186 2679 231 2715 aus
252 2669 294 2714 est
315 2661 487 2732 corrigendo,
512 2679 572 2715 carm
597 2660 682 2732 ipsum
707 2662 788 2716 etiam
821 2661 894 2732 quis:
911 2670 984 2715 certe
1003 2663 1094 2715 deesse
1111 2677 1166 2714 non
1182 2675 1260 2731 possa
1277 2675 1369 2712 ornnes
1386 2657 1428 2710 in·

187 2729 297 2782 verbum
314 2744 349 2782 ex
366 2747 420 2802 quo
436 2729 599 2783 wmmtirus
619 2731 706 2784 Tabas
723 2746 789 2810 pen·
822 2729 955 2799 telligoot
986 2730 1041 2783 Sed
1058 2729 1169 2782 verbum
1185 2737 1333 2781 extremum
1350 2725 1428 2795 offir-

187 2797 234 2850 det
259 2798 415 2876 amputavit
458 2797 554 2867 ltaque
589 2815 641 2851 non
672 2797 789 2852 dubitavi
802 2831 808 2844 ι
822 2799 925 2862 maini,
957 2815 1019 2851 cum
1044 2798 1072 2851 in
1097 2795 1220 2850 omnibus
1246 2795 1320 2848 libris
1345 2801 1427 2862 esset,

186 2864 243 2918 eius
259 2864 398 2932 iudicium,
417 2882 576 2936 quamquam
593 2865 687 2918 ceteris
703 2865 789 2918 edito-
823 2865 929 2918 Modius
956 2865 1047 2919 scholii
1070 2865 1176 2918 nomine
1203 2864 1253 2917 sibi
1275 2870 1427 2934 suspectum

186 2933 268 2996 ribus,
286 2941 317 2985 ut
334 2933 389 2986 fere
406 2933 475 2986 solat
486 2933 514 2985 in
528 2933 710 3000 deterioribus,
728 2949 788 3004 pro-
822 2931 925 2986 delevit
938 2941 968 2986 et
985 2933 1061 2986 nimis
1076 2933 1165 2986 faciles
1182 2931 1370 3003 astipulatores
1385 2929 1428 2984 in-

186 3001 288 3066 batum
306 3001 463 3070 relinquere.
482 2999 630 3054 Glareanus
646 3001 787 3055 Arrisoum
822 3000 905 3053 venit.
932 3000 1040 3054 Mutata
1055 2999 1270 3071 interpunctione
1288 2997 1353 3052 nihil
1369 2997 1428 3068 opi·

187 3077 322 3122 auctorem
348 3077 452 3122 secutus
478 3069 525 3122 has
558 3069 667 3137 Rlayus
700 3069 787 3136 fuisse,
822 3087 872 3122 nor
889 3068 973 3122 inesse
991 3087 1045 3140 quo
1062 3069 1121 3139 quis
1139 3069 1295 3122 offendatur.
1321 3065 1364 3120 De
1381 3083 1428 3120 vo-

187 3154 241 3191 non
269 3137 357 3190 Totas
379 3154 434 3190 non
451 3137 520 3190 mala
537 3135 660 3204 ooniecit,
686 3137 731 3192 ubi
754 3137 788 3190 de
822 3137 917 3190 eabrrlo
934 3141 1050 3207 equidem
1072 3155 1120 3207 pru
1136 3154 1201 3190 saue
1219 3139 1322 3205 quidem
1339 3133 1427 3206 posito

88 3221 92 3230 ·
186 3204 386 3275 Dareo,oapto
416 3205 539 3258 nuntium
565 3205 710 3275 aocepcrit3
741 3205 787 3258 sad
823 3205 883 3258 ride
899 3207 934 3258 ad
953 3220 1021 3270 vru,
1039 3213 1080 3258 27.

186 3271 345 3394 erret.
368 3271 571 3394 tuteli
587 3291 692 3394 pp...
720 3273 788 3328 “³³⁰
857 3278 952 3394 lfa
968 3285 1065 3395 uzu
1086 3275 1218 3394 nce.
1228 3287 1320 3392 ⁰⁰¹³?
1349 3269 1429 3326 ..n

188 3409 216 3462 in
233 3379 320 3462 inedio
346 3359 408 3461 adut
433 3427 449 3461 a
493 3357 788 3479 muggnffili'piff
823 3358 939 3477 mille
961 3360 1185 3479 opineri'assequi]
1220 3357 1351 3461 Sidolruiis
1368 3406 1428 3460 edi·

187 3483 285 3530 sutem
301 3476 412 3529 redacta
427 3493 511 3548 usque
528 3478 562 3530 ad
580 3477 696 3530 Mediam
712 3494 789 3547 pera-
822 3476 863 3530 dit
872 3475 988 3543 Modus,
1005 3479 1053 3531 aed
1074 3487 1150 3530 extat
1163 3477 1243 3530 etium
1256 3475 1284 3529 in
1297 3473 1428 3546 plerisque

187 3553 290 3624 gratem
308 3551 337 3596 et
354 3544 461 3624 Caspias
473 3545 554 3668 pylas
570 3545 665 3625 itinere
682 3545 787 3616 petitas,
822 3545 913 3624 codd..
937 3545 1035 3599 nostris
1055 3545 1163 3623 quidem
1184 3543 1385 3625 exceptonFlor.
1404 3542 1427 3597 C

187 3629 276 3666 omnia
284 3619 463 3681 praetermisit
496 3623 590 3678 ornos,
608 3629 662 3666 sire
670 3611 789 3666 consulto
822 3613 953 3666 omnibus.
998 3613 1087 3682 Vulgo
1113 3615 1203 3666 oditur
1228 3631 1315 3682 sepau,
1341 3629 1428 3678 minus

187 3679 244 3733 sive
261 3681 334 3749 quod
349 3679 435 3750 magis
457 3681 539 3735 oredo
562 3681 624 3802 poia
641 3679 789 3735 Clitarchus
822 3689 904 3747 recte,
923 3697 984 3732 uam
1002 3690 1105 3734 secutus
1122 3681 1228 3751 quidem
1245 3689 1305 3734 erat
1322 3696 1426 3802 sgnpgp.

169 3779 175 3790 ι
188 3746 274 3802 bacin
286 3755 364 3818 parte
370 3748 551 3819 negligentior

188 3815 369 3868 Paraetaeeoe
385 3815 457 3869 iuter
472 3816 610 3869 Persidem
627 3825 656 3870 et
673 3815 789 3868 Mediam
822 3817 959 3869 Dimicior
976 3824 1024 3869 aut
1042 3819 1160 3870 dimicas.
1178 3817 1231 3870 Sed
1250 3826 1325 3870 recta
1338 3832 1428 3868 emen·

188 3883 216 3936 in
234 3882 424 3952 longitudinem
446 3893 572 3954 ponecta
592 3891 790 3938 annumeratur·
823 3883 897 3937 davit
919 3881 1074 3941 Glareanus.
1109 3884 1235 3955 Appellat
1259 3883 1340 3937 etiarn
1362 3882 1429 3938 Dio-

188 3951 378 4073 ltitioffil
403 3951 788 4075 ltdffirnlaffitdtdit
823 3951 951 4072 eux:
969 3949 1429 4074 exterminatae?

189 4087 275 4157 lybiui
292 4039 436 4154 xxrnpir.
823 4041 940 4143 editoris
958 4089 1052 4142 aetatis
1059 4059 1196 4142 institutis
1210 4088 1271 4141 vide
1318 4089 1354 4140 ud
1364 4037 1429 4140 ldirl·

577 3749 623 3802 uit.
642 3749 789 3802 Estauteru
858 3753 926 3814 §⁸-
961 3749 1106 3802 Dimoclms
1128 3750 1307 3818 appellabant]
1420 3787 1427 3800 .

224 4158 247 4222 ς.
266 4163 291 4210 3.
309 4157 454 4228 Bagistane
472 4157 615 4224 Babylonio
651 4157 695 4212 Sic
711 4155 789 4210 codd.
823 4156 909 4210 luceru
926 4173 951 4223 ι,
974 4175 996 4211 e
1025 4164 1056 4210 10
1080 4160 1181 4224 §.182
1218 4158 1428 4225 Appelobonta

188 4221 310 4346 plleriquc
327 4241 418 4276 omnes
436 4232 465 4276 ct
482 4223 608 4278 Arrianus
636 4225 671 4278 Ἰ).
689 4241 732 4292 ιιι,
747 4231 788 4278 21.
823 4241 953 4279 consensu
980 4225 1095 4278 omnium
1123 4223 1246 4278 librorum
1271 4242 1333 4278 mss.
1357 4223 1429 4276 edidi

217 4290 281 4361 ulgo
298 4292 382 4346 edunt
398 4293 424 4344 B
476 4295 569 4346 adanae.
823 4311 871 4364 pro
888 4293 961 4362 vulg.
979 4295 1130 4362 appellunt,·
1152 4302 1211 4346 erat
1233 4293 1315 4346 etiarn
1336 4309 1429 4346 secran-

219 4377 276 4436 ¹nou
294 4363 419 4430 equidem]
425 4311 502 4414 allo
520 4362 611 4416 abesse
623 4378 640 4416 a
652 4359 704 4416 suis
717 4359 788 4416 libris
823 4361 887 4414 dum
904 4360 1047 4416 Arrianurn
1064 4375 1114 4430 111,
1133 4367 1164 4416 21
1184 4361 1236 4416 hoe
1253 4378 1337 4432 geum
1354 4361 1430 4431 oqui-
