3324 5054
177 311 247 398 '116
452 383 455 388 .
646 346 680 409 o.
709 345 833 398 cunrn
858 292 943 399 anst

170 523 349 597 stantibus
382 525 474 625 ripa,
508 529 706 628 superavit,
742 531 792 604 sic
824 532 986 631 angustis
1021 532 1057 603 in
1084 528 1226 605 Ciliciae
1261 529 1410 604 collibus

171 643 310 706 tantam
341 637 607 732 multitudinem
641 640 814 713 hostium:
852 641 1022 716 audaciae
1049 665 1206 737 quoque,
1241 667 1313 739 qua
1339 666 1411 713 ma·
1429 657 1464 708 28

170 741 267 816 xime
291 745 415 846 viguit,
442 750 535 823 ratio
561 750 672 822 minui
697 759 827 846 potest,
842 750 925 845 quia
951 774 1134 846 nunquam
1160 751 1196 820 in
1223 751 1412 824 discrimen

170 855 289 945 venit,
316 883 360 930 an
388 867 524 948 temere
550 859 701 930 fecisset.
754 855 938 947 Mazaeus,
974 859 1050 954 qui,
1084 859 1115 930 si
1141 859 1411 932 transeuntibus

168 965 302 1040 flumen
328 969 604 1065 supervenisset,
618 965 716 1038 haud
742 964 849 1039 dubie
875 992 1112 1065 oppressurus
1139 968 1206 1040 fuit
1231 969 1411 1065 incompo-

169 1077 268 1166 sitos,
295 1077 332 1148 in
358 1077 437 1171 ripa
463 1074 608 1149 demum
635 1085 673 1149 et
703 1076 773 1150 iam
798 1088 1022 1177 perarmatos
1048 1079 1256 1177 adequitare
1282 1079 1410 1177 coepit.

169 1185 266 1260 Mille
310 1181 506 1258 admodum
543 1187 680 1284 equites
721 1187 962 1286 praemiserat.
1034 1185 1195 1278 Quorum
1228 1191 1412 1288 paucitate
1428 1208 1467 1257 ιι

168 1293 377 1368 Alexander
409 1298 613 1394 explorata,
646 1296 775 1372 deinde
809 1309 1026 1397 contempta,
1052 1299 1274 1396 praefectum
1299 1299 1410 1373 Paeo

167 1429 255 1476 num
290 1405 449 1504 equitum
475 1406 648 1482 Aristona
678 1409 808 1481 laxatis
834 1409 984 1482 habenis
1011 1409 1131 1482 invehi
1156 1409 1269 1482 iussit.
1322 1407 1409 1481 Insi-
1428 1427 1467 1476 ss

168 1517 249 1616 gnis
284 1541 328 1589 eo
363 1515 422 1590 die
457 1543 581 1616 pugne
618 1519 777 1616 equitum
812 1530 850 1592 et
883 1520 1074 1618 praecipue
1109 1519 1288 1594 Aristonis
1326 1520 1409 1592 fuit:

166 1628 388 1727 praefectum
420 1627 600 1722 equitatus
626 1625 818 1699 Persarum
844 1624 1078 1727 Satropaten,
1095 1629 1231 1703 directa
1266 1631 1303 1703 in
1329 1637 1409 1729 gut·

167 1750 250 1811 ture
274 1738 381 1810 hesta
405 1737 603 1827 transfixit,
629 1737 895 1834 fugientemque
920 1763 987 1835 per
1011 1739 1148 1812 medios
1174 1741 1298 1813 hostes
1326 1765 1409 1813 con·

48 1909 51 1914 .
166 1856 327 1936 secutus,
360 1869 408 1918 cx
439 1870 532 1944 equo
567 1847 830 1945 praecipitavit,
864 1855 901 1918 et
927 1847 1126 1923 obluctanti
1153 1859 1263 1949 caput
1287 1849 1409 1949 gladio

167 1956 337 2055 dempsit,
365 1955 463 2052 quod
488 1958 642 2031 relatum
666 1981 798 2056 magna
823 1981 905 2030 cum
931 1958 1038 2032 laude
1063 1969 1149 2034 ante
1174 1961 1269 2058 regis
1295 1960 1408 2058 pedes

165 2070 295 2166 posuit.
417 2080 422 2088 “

115 2181 174 2252 39γ
266 2178 384 2252 Biduo
422 2178 472 2251 ibi
511 2203 577 2251 rex
617 2178 750 2251 stativa
788 2178 929 2252 habuit:
968 2180 1005 2251 in
1039 2181 1242 2277 proximum
1278 2176 1408 2251 deinde
1428 2196 1466 2246 tn
1522 2243 1528 2251 .

164 2289 389 2386 pronuntiari
415 2289 484 2361 iter
510 2287 621 2360 iussit.
662 2284 862 2386 Scdprima
878 2289 953 2364 fere
978 2290 1100 2388 vigilia
1124 2291 1211 2363 luna
1227 2286 1444 2379 deficiens,a

165 2401 320 2498 primum
345 2399 501 2472 nitorem
526 2396 651 2471 sideris
678 2401 733 2472 sui
760 2400 937 2490 condidit,
974 2397 1103 2472 deinde
1135 2401 1318 2498 sanguinis
1351 2423 1409 2472 co·

72 2591 77 2600 ,
168 2511 244 2584 lore
270 2511 407 2584 suffirso
433 2510 555 2581 lumen
582 2535 688 2582 omne
721 2511 895 2601 foedavit,
931 2510 1161 2608 sollicitisque
1196 2511 1264 2583 sub
1291 2511 1411 2607 ipsum

165 2623 258 2694 tanti
293 2621 506 2694 discriminis
542 2645 666 2693 casum
697 2620 821 2719 ingens
857 2622 998 2718 religio,
1034 2629 1071 2693 et
1105 2645 1152 2692 ex
1188 2644 1231 2691 ea
1257 2619 1412 2693 formido

167 2729 344 2828 quaedam
378 2731 523 2803 incussa
555 2739 619 2802 est.
672 2729 748 2803 Diis
783 2732 903 2803 invitis
939 2731 976 2801 in
1002 2731 1145 2802 ultimas
1173 2739 1289 2802 terras
1315 2729 1449 2801 trahis

164 2929 238 2983 Flor.
253 2928 366 2984 Assclt:
389 2929 417 2982 in
438 2927 532 2982 ceteris
555 2927 627 2982 Flor.
645 2937 673 2982 et
690 2929 769 2982 Bern.
838 2930 938 2982 directo
956 2930 985 2981 in
999 2931 1115 2998 gutture]
1134 2927 1257 2982 Debebat
1274 2930 1304 2981 ia
1318 2939 1413 2999 patrus·

163 2997 266 3080 ΙξΡιιι.
285 3005 298 3050 1
318 2997 394 3050 Vosa
412 3003 428 3050 2
446 2997 648 3076 vimeredeest
681 2997 770 3068 Vulgo
802 3003 897 3076 utrm,
916 3003 961 3078 ²⁶³.
977 3011 1030 3062 vn,
1050 2996 1413 3076 19,spdhocctiamvete-

164 3075 659 3212 trattaatttat...
672 3132 768 3212 ...t
802 3064 1413 3212 mtattrtatrcsautt

165 3208 195 3254 et
211 3202 277 3254 editt
293 3217 376 3271 usque
393 3199 614 3265 edAldrnum,1n
643 3217 769 3270 uopnmo
802 3217 944 3268 insequens
961 3201 1072 3253 verbum
1089 3202 1231 3266 uamstsit.

166 3276 315 3322 correctum
332 3270 452 3322 callibus.
488 3269 563 3320 Infra
580 3219 687 3338 quillem
704 3276 768 3321 ott
839 3267 904 3336 Cap.
922 3274 965 3333 st,
984 3271 1008 3336 §.
1024 3277 1046 3319 l.
1058 3269 1234 3335 pronuntiari
1251 3270 1302 3320 iter
1319 3269 1410 3336 iussit]

165 3344 229 3389 sunt
248 3337 358 3388 Ciliciae
380 3336 519 3404 angustiae
543 3345 566 3387 et
591 3337 657 3388 invii
680 3338 769 3401 colles,
803 3335 892 3404 Vulgo
919 3337 970 3386 iter
994 3337 1164 3403 pronrmtiun'
1191 3337 1283 3388 iussit:
1308 3337 1356 3388 sed
1382 3336 1412 3388 in

164 3405 212 3457 sed
229 3403 282 3457 illic
298 3403 457 3456 adiectivum
474 3403 594 3455 additum
611 3404 728 3457 ostendit
737 3406 770 3457 de
803 3401 1111 3456 Bernastornacc
1129 3405 1159 3472 (a
1192 3421 1214 3457 r.
1229 3421 1264 3456 m.
1296 3407 1412 3456 etVom.

165 3487 270 3525 accessu
288 3471 316 3524 in
333 3471 420 3524 locum
436 3470 495 3522 dici.
514 3470 566 3523 Hic
582 3488 645 3524 voro
663 3475 770 3540 capuan·
804 3479 919 3540 utroque
936 3471 1012 3522 deest
1029 3472 1088 3536 iter,
1106 3487 1174 3522 unus
1206 3471 1253 3524 lor.
1305 3470 1412 3525 eolooo

164 3543 242 3594 colles
255 3548 328 3593 recto
342 3538 436 3610 opinor
444 3537 625 3608 diciturregio
633 3547 768 3606 montana,
804 3538 917 3591 collocat
953 3555 987 3590 uo
1004 3537 1084 3608 vulgo
1102 3537 1209 3608 legitur,
1227 3538 1323 3608 reliqui
1338 3537 1413 3592 Flor.

164 3607 275 3662 collibus
296 3606 383 3685 obsita
407 3605 452 3676 qui
475 3605 602 3675 explicari
620 3607 768 3660 multitudi-
802 3613 832 3657 et
847 3605 929 3658 Bern.
989 3614 1019 3657 ct
1035 3621 1128 3725 margp
1146 3606 1217 3684 Floq.
1245 3605 1272 3659 G
1289 3623 1413 3676 ρνοιιιιιι-

164 3693 225 3728 nem
242 3693 296 3728 non
312 3682 459 3745 patiuntur.
803 3676 868 3726 tiata·
894 3675 943 3725 iter
969 3675 1055 3726 iussit.
1119 3690 1152 3726 oc
1178 3675 1261 3743 ignor
1303 3693 1334 3728 ro
1358 3675 1413 3727 fide

199 3748 224 3810 s.
242 3749 284 3796 ts.
319 3744 450 3795 audaciae
470 3772 507 3782 -
528 3744 597 3795 ratio
618 3741 702 3793 minui
717 3759 768 3861 po·
802 3740 876 3793 libris
893 3759 953 3793 mss.
972 3741 1063 3793 debita
1080 3741 1257 3811 recipiendum
1305 3742 1338 3808 't,
1363 3744 1412 3796 sod

164 3821 221 3874 test,
239 3810 256 3863 i.
274 3827 297 3861 e
316 3809 425 3862 audacia
442 3827 495 3862 non
513 3819 603 3879 potest
620 3815 696 3861 tants
740 3826 768 3860 a·
802 3809 954 3878 probassem
971 3808 1060 3878 potius
1078 3811 1218 3862 vorborum
1231 3810 1351 3863 ordinem
1364 3811 1412 3880 qui

163 3878 230 3945 beri,
248 3876 366 3944 iudicari,
384 3885 484 3947 quauta
501 3878 580 3947 vulgo
598 3877 674 3930 solet.
802 3893 859 3928 esse
875 3877 992 3929 traditur
1008 3876 1036 3928 in
1050 3877 1135 3930 Pell
1156 3885 1185 3930 et
1193 3877 1315 3930 leidensi
1330 3895 1411 3946 pron.

199 3951 223 4012 s.
242 3953 283 3998 at.
319 3945 453 3998 Paeonum
471 3948 593 4014 equitum]
622 3943 706 3997 Codd.
719 3962 767 4012 pe·
803 3947 879 3997 iussit
902 3945 966 4012 iter',
994 3944 1015 3996 si
1038 3945 1102 3998 satis
1129 3946 1163 3997 de
1188 3945 1240 3996 tide
1259 3945 1412 3999 collationis

164 4033 255 4068 nonan
273 4019 302 4065 et
312 4031 472 4082 poenosum,
498 4014 562 4066 item
585 4014 649 4065 edit.
672 4013 767 4082 princ;
803 4021 945 4064 constaret.
988 4012 1093 4065 Modius
1114 4015 1291 4082 pronuntiare
1321 4015 1411 4081 iussit,

164 4083 211 4134 sed
229 4081 343 4136 conexit
360 4081 413 4134 iarn
431 4081 543 4134 Aldinus
561 4082 656 4133 editor.
802 4080 867 4132 nihil
884 4097 977 4132 curans
995 4081 1119 4133 omissum
1138 4084 1195 4132 itcr.

217 4155 282 4202 .25.
310 4151 478 4218 Satropaten]
507 4149 590 4202 Codd.
608 4149 679 4201 Flor.
693 4148 766 4201 ABG
836 4153 861 4213 s.
879 4155 904 4201 t.
926 4151 1032 4200 incussa
1051 4151 1099 4215 est]
1119 4149 1194 4200 Laid.
1213 4149 1315 4202 Vosal
1335 4149 1410 4203 Flor.

163 4154 302 4287 nilgatum
330 4219 495 4286 Satropatem
521 4225 648 4281 tuentur,
676 4225 768 4269 oontm
802 4218 827 4268 A
845 4219 1000 4268 inconcussa
1020 4227 1071 4280 eat,
1097 4233 1129 4268 ac
1156 4217 1235 4268 fuisse
1254 4218 1304 4269 boc
1323 4217 1411 4295 ipsum

163 4295 237 4338 stant
259 4285 340 4338 ceteri
357 4285 429 4338 Flor.
452 4294 480 4338 et
507 4293 619 4354 uterque
638 4285 716 4336 Rern.
738 4293 768 4336 ct
802 4283 906 4334 videtur
924 4284 951 4334 in
969 4283 1048 4334 Bern.
1066 4285 1105 4347 A,
1129 4285 1176 4337 sod
1198 4303 1248 4354 pm
1266 4285 1359 4336 mediis
1378 4285 1410 4338 li·

163 4354 237 4406 Leid.
261 4354 336 4407 Voss.
356 4361 380 4407 1.
399 4360 431 4420 2,
460 4352 555 4424 quibus
578 4360 606 4404 et
627 4352 683 4422 ipse
705 4369 767 4406 con·
802 4351 865 4404 teris
883 4367 954 4402 nunc
971 4367 1061 4402 rasum
1078 4361 1127 4404 cst.

163 4421 277 4476 stantiae
295 4439 373 4477 causa
390 4423 494 4477 accedo.
835 4421 859 4484 ς.
877 4425 902 4472 8.
938 4421 991 4470 diis
1010 4421 1110 4489 ιἰιυὶιὶε]
1147 4420 1218 4476 Flor.
1235 4423 1262 4475 A
1280 4422 1362 4476 Ber-n.
1380 4427 1409 4477 A
