3384 5056
238 315 313 386 278
631 275 634 282 ι
712 331 746 396 Q·
773 329 897 412 curru
920 331 1004 385 nun

240 514 393 614 carnisee
417 513 574 611 spiritum
599 515 739 608 adimet,
774 542 870 618 quem
895 519 929 592 si
950 522 1094 617 fortune
1118 533 1289 618 expectere
1314 519 1478 610 uoluisset,

238 637 361 698 notura
381 626 545 724 poscebat.
584 627 770 702 Admonuit
793 653 845 702 me
864 630 978 726 putris
1002 631 1070 702 mei
1091 631 1220 720 munio,
1237 656 1340 728 quom
1365 631 1480 704 dmide
1498 650 1534 699 sc

239 749 270 809 et
295 751 499 830 mncturuer,
526 764 610 839 quae
638 736 813 816 Cebalinrrs
838 739 997 810 denterot
1021 740 1069 811 ud
1093 765 1163 831 rnre,
1189 741 1339 814 indicare
1364 741 1478 814 debue-
1519 769 1524 776 ·

239 850 317 923 rint
370 851 550 928 Pormmio
575 853 681 938 enim,
707 873 782 920 cum
807 849 970 940 audisset,
996 875 1157 922 cumeum
1183 877 1206 924 a
1231 851 1388 950 Philippo
1412 877 1478 924 nte·

240 962 316 1037 dieo
341 964 414 1062 reci
433 961 567 1058 purum,
593 960 755 1030 deterrere
779 981 854 1030 eum
879 961 979 1033 uoluit
1004 961 1141 1058 epistola
1166 965 1301 1060 scripto,
1327 986 1392 1063 quo
1416 965 1478 1036 mi·

239 1100 305 1148 nus
344 1074 618 1146 medicamentum
656 1067 788 1158 biberet,
830 1071 919 1168 quod
957 1071 1104 1146 nudum
1143 1072 1226 1145 dure
1265 1075 1476 1148 constitueret

239 1184 340 1259 Num
372 1180 532 1255 meddam
563 1192 610 1252 est
641 1178 734 1276 putri
765 1181 861 1254 neco?
901 1207 990 1254 num
1013 1181 1118 1256 ulbrm
1151 1183 1376 1256 unumunurn
1407 1185 1479 1259 cius

240 1294 363 1366 litterae
395 1289 597 1364 lobuemm?
637 1289 712 1389 Eoo
745 1290 832 1390 qne,
867 1294 1013 1392 quotiens
1044 1320 1129 1394 mmo
1160 1293 1337 1367 cudrermn
1367 1295 1477 1386 ducti,
1495 1317 1531 1366 su

159 1419 168 1435 '
241 1429 318 1479 urm
344 1402 487 1478 ludibrio
512 1401 714 1476 credrditutis
738 1404 892 1501 repulsu
916 1431 1002 1479 sum.
1056 1405 1100 1482 Si
1123 1421 1154 1481 et
1178 1431 1253 1479 uem
1278 1404 1477 1498 indicamus,

241 1516 351 1607 inuisi,
378 1528 410 1590 et
433 1541 508 1588 cum
535 1527 688 1605 emenus,
712 1516 856 1612 succedi
878 1541 1004 1607 summ,
1018 1518 1101 1615 quid
1114 1521 1233 1618 fucere
1248 1541 1310 1590 nos
1336 1519 1477 1615 oportet!

55 1685 62 1700 .
242 1624 404 1723 Cumque
438 1651 531 1698 unus
563 1651 583 1697 e
615 1625 920 1698 circumstantium
953 1627 1061 1699 turbe
1094 1629 1349 1715 exclamasset,
1383 1629 1478 1702 Bene
1496 1649 1532 1696 ec

53 1759 55 1764 ·
129 1773 132 1778 ⁴
240 1737 368 1812 mutu
393 1761 460 1810 non
485 1735 660 1808 insidiari.-
693 1734 862 1826 Philetus,
888 1737 1002 1826 Recte,
1030 1738 1153 1834 inquit,
1180 1737 1332 1838 quisquis
1357 1763 1401 1830 es,
1426 1739 1477 1812 di·
1496 1759 1531 1807 sr

241 1850 299 1923 eis.
351 1847 469 1946 Itaque
493 1845 526 1920 si
550 1845 728 1920 imidiuttu
752 1871 845 1938 uun,
865 1872 1011 1946 pecorum
1036 1873 1103 1922 non
1127 1849 1300 1948 deprecor,
1326 1861 1357 1922 et
1376 1852 1479 1935 sitnm

229 1958 328 2063 facio
354 1957 501 2048 dicutdi,
534 1957 691 2057 qctonimn
716 1957 832 2032 ulttinu
857 1959 957 2032 uerbo
978 1960 1101 2058 mucio
1125 1973 1203 2032 neu
1226 1958 1302 2033 uisu
1327 1961 1475 2036 uurnbus.

241 2071 445 2146 Abducitur
471 2067 600 2140 deinde
625 2068 671 2140 ub
698 2069 763 2160 his,
790 2071 850 2167 qui
877 2069 1128 2142 custodiebant
1153 2094 1245 2143 eum.

189 2189 236 2260 tt
342 2173 434 2255 Erat
459 2180 552 2252 inter
579 2177 689 2252 duces
714 2206 824 2254 manu
850 2191 1017 2255 strenuus
1043 2179 1159 2254 Bolon
1184 2179 1345 2280 quidum,
1377 2185 1475 2280 pecie
1484 2202 1533 2253 11.

240 2296 372 2370 artium
405 2301 442 2366 et
468 2290 580 2363 civilis
606 2290 751 2366 habitus
778 2293 891 2383 rudis,
925 2303 1030 2367 vetus
1056 2293 1174 2386 miles,
1200 2295 1247 2368 eb
1273 2293 1396 2367 humili
1422 2321 1477 2368 or-

241 2409 324 2482 dine
351 2405 399 2480 ad
426 2429 507 2478 eum
534 2401 696 2500 gradum,
721 2403 759 2476 in
784 2429 856 2501 quo
883 2415 968 2477 tunc
994 2417 1081 2496 erat,
1108 2415 1313 2503 promotus:
1340 2406 1400 2504 qui
1425 2415 1513 2480 tue

241 2519 405 2594 centibus
431 2515 575 2606 ceteris,
608 2511 738 2588 stolida
772 2514 921 2590 audacia
946 2517 1065 2606 seron,
1093 2517 1285 2591 admonere
1311 2542 1374 2592 eos
1400 2543 1477 2594 coe

240 2633 311 2731 pit,
347 2630 513 2728 quotiens
552 2628 625 2702 suis
663 2627 812 2726 quisque
847 2627 1065 2720 diversoriiS,
1105 2653 1196 2725 quae
1233 2641 1476 2728 occupassent,

1253 2777 1270 2809 k

274 2871 304 2934 s:
322 2873 365 2922 st.
400 2875 497 2920 nutura
551 2865 666 2931 osccbut]
708 2861 753 2917 Sic
781 2880 842 2917 mse.
877 2863 1005 2918 omnibus.
1040 2865 1137 2918 Editur
1154 2863 1360 2935 quidemBelon.
1385 2867 1477 2921 Ciuilis

258 2935 358 3006 letique
374 2951 465 2989 omnes
482 2941 511 2987 et
527 2883 590 2986 ferri
604 2938 709 3006 potest:
726 2948 842 3000 reposce·
876 2935 989 3000 liuticos,
1008 2933 1054 3004 qui
1070 2933 1173 2986 dibidc
1183 2933 1281 2986 vestitu
1293 2933 1478 3005 intelligendus

285 3004 384 3074 ,quod
393 3001 501 3056 Modius
509 3001 609 3082 primus
626 2999 710 3053 edidit
726 2999 842 3069 etudgo
876 3009 930 3064 est,
957 3001 983 3054 h,
999 3002 1017 3054 l.
1045 3002 1079 3055 cd
1100 3017 1186 3056 mores
1211 3009 1241 3058 et
1266 3002 1395 3058 tutionem
1420 3021 1478 3058 sese

239 3071 622 3196 liiii'iilrffldql'rlml
640 3068 776 3122 ΝΜ
800 3075 842 3122 ⁰⁵*
875 3070 983 3192 dciii
1001 3069 1478 3195 tttttttttbtlttttt

275 3213 298 3279 ς.
316 3217 359 3264 34.
377 3210 570 3278 qtmdmedicuc
587 3209 652 3260 dure
669 3208 840 3260 corruitneret.
875 3207 909 3260 de
927 3207 1036 3260 Roxane
1060 3223 1126 3276 vm,
1147 3215 1193 3273 16,
1211 3213 1253 3262 2³.
1289 3207 1316 3261 le
1341 3218 1477 3278 promouit

241 3277 445 3332 Coniunctirum
471 3276 539 3330 ratio
562 3275 690 3328 sunnonis
715 3274 841 3345 postulet,
876 3274 972 3328 dicitur
995 3277 1029 3328 ed
1050 3276 1157 3330 honoris
1174 3275 1298 3346 gradum,
1322 3278 1394 3347 quod
1415 3279 1477 3332 boui

240 3347 262 3400 si
280 3365 333 3400 nou
350 3347 475 3399 decerto
492 3344 582 3414 ulique
599 3343 728 3410 remedio,
746 3343 791 3396 scd
808 3344 843 3396 dc
876 3344 1009 3414 scriptoris
1039 3345 1189 3414 exemplum
1223 3352 1352 3399 emutare
1386 3347 1478 3400 debuit

239 3415 311 3470 omni
329 3415 445 3486 potione,
463 3431 542 3484 quem
558 3412 602 3464 illc
611 3411 726 3465 medicus
735 3412 843 3464 dutums
877 3413 1003 3466 Kmbsius
1019 3412 1048 3466 iu
1065 3414 1258 3478 Autiberburu,
1285 3429 1319 3466 ne
1335 3413 1413 3468 nimis
1429 3415 1478 3469 bo-

239 3492 319 3551 esset,
337 3482 480 3552 intelligas.
497 3483 589 3551 Atque
602 3480 640 3533 sic
650 3497 714 3533 sene
730 3480 843 3534 videtur.
877 3480 959 3534 mines
976 3483 1123 3536 deterreret
1139 3483 1173 3535 ab
1195 3482 1343 3536 eudemice
1365 3501 1414 3536 usu
1431 3484 1478 3538 bo-

124 3581 128 3588 ·
240 3553 352 3607 Codices
370 3550 481 3616 venunt,
499 3567 560 3602 nam
577 3551 754 3614 constituerat,
791 3550 843 3602 uod
877 3549 976 3603 dieras
995 3549 1103 3604 Curtius
1120 3550 1297 3604 tamenetiem
1306 3551 1478 3606 Ciceroniana

239 3621 303 3676 editi
321 3621 428 3684 hubent,
447 3627 558 3672 tuentur
573 3567 842 3697 lieruAFloriltG,
877 3618 979 3671 ratione
1006 3625 1096 3684 v11,2
1120 3615 1276 3698 productum
1301 3619 1418 3692 aliquem
1443 3622 1478 3674 ud

239 3691 406 3743 constitueret
423 3687 517 3758 reliqui
533 3695 562 3740 ct
579 3693 649 3740 mter
665 3702 711 3740 cos
728 3685 798 3740 Flor.
816 3687 841 3739 A
876 3687 1005 3740 honorate
1021 3687 1165 3741 ministeriu
1181 3687 1258 3742 dixu

241 3757 316 3812 Leid
333 3760 412 3810 Voss.
432 3764 455 3810 l.
911 3761 935 3822 s.
953 3763 979 3810 2.
996 3759 1112 3824 quotient-s
1129 3758 1186 3810 cuir
1200 3759 1307 3828 quisque
1316 3759 1477 3813 diversoriis.

274 3829 298 3894 ς.
316 3833 359 3880 et.
395 3833 456 3878 sumt
477 3825 535 3876 uiso
558 3824 677 3876 auribus.
712 3823 745 3876 Iu
765 3821 842 3877 editis
878 3825 940 3878 Suis
963 3826 1138 3879 revocandum
1162 3835 1221 3879 eret
1242 3841 1276 3878 ex
1298 3827 1358 3878 edd.
1376 3827 1476 3898 priscis,

240 3895 348 3949 additur
371 3893 479 3958 uestris,
503 3892 575 3962 quod
597 3890 725 3945 menusoei
746 3891 767 3945 ti
789 3911 842 3946 non
877 3905 903 3945 et
920 3901 961 3946 cst
979 3894 1006 3946 in
1024 3893 1096 3948 libris
1104 3893 1477 3975 mstieomuibusqunmquum

215 3965 347 4017 'hubent
384 3961 460 4026 Quae
477 3969 612 4030 praeterea
630 3965 720 4013 turbat
759 3961 842 4025 odius,
878 3979 930 4015 non
952 3981 999 4015 suo
1022 3963 1078 4016 loco
1101 3963 1128 4016 in
1150 3961 1323 4016 dete-loribus
1350 3967 1477 4034 (quisquc

240 4033 285 4086 vix
308 4031 388 4102 dignu
418 4038 481 4082 eunt
507 4045 574 4098 quac
599 4029 761 4082 refelluntur.
795 4029 844 4082 Ait
877 4033 993 4100 quotiens
1002 4035 1079 4098 suis).
1105 4031 1246 4085 Estctium
1282 4031 1309 4083 ui
1326 4044 1477 4111 occupasset

240 4101 310 4155 enim
333 4103 390 4154 uisu
413 4098 512 4151 illude
530 4097 618 4166 glossa
640 4113 696 4150 esse
719 4107 772 4151 tum
794 4097 842 4151 sibi
877 4100 1001 4152 exhibent
1024 4101 1095 4153 Flor.
1123 4099 1159 4166 C,
1188 4101 1236 4153 sed
1264 4049 1283 4152 d

241 4170 351 4240 liquere,
369 4185 449 4240 quum
466 4165 574 4218 deridic
592 4166 686 4218 lucem.
722 4167 843 4237 Denique
877 4169 978 4230 habco,
1005 4187 1066 4222 num
1092 4169 1162 4238 quod
1189 4167 1327 4238 singularis
1353 4187 1478 4224 numerus

241 4241 274 4292 cb
292 4240 333 4291 leis
355 4256 404 4308 pro
422 4234 492 4305 vulg.
515 4236 548 4287 ub
567 4236 600 4287 iis
623 4233 707 4288 nostri
728 4236 789 4290 libri
809 4237 843 4288 ud
873 4240 1042 4316 proturbatus
1053 4249 1116 4290 esset
1134 4237 1261 4306 sequitur,
1280 4236 1346 4290 nibil
1358 4239 1477 4293 utlcclou

242 4325 322 4360 uuum
339 4322 438 4360 oscines.
878 4306 1044 4358 rntcricctum
1061 4307 1186 4376 pertinet,
1205 4306 1232 4360 iu
1249 4324 1301 4377 quo
1315 4308 1478 4362 constructio

277 4375 394 4446 Cantl.
413 4379 437 4439 §.
452 4380 473 4425 l.
496 4374 580 4426 Bolon
598 4374 712 4451 quidum.
729 4372 789 4426 Hoc
801 4381 843 4426 est
878 4375 964 4427 [itud
988 4392 1098 4428 seersum.
1133 4374 1204 4428 Vide
1224 4391 1292 4445 quae
1316 4375 1343 4428 in
1360 4375 1477 4430 Gramm.

241 4444 353 4498 bominis
371 4458 466 4496 nomen
484 4440 511 4494 iu
528 4441 670 4510 codicibus,
689 4449 718 4495 ut
730 4442 841 4509 videtur,
877 4441 936 4496 Lat.
956 4444 1162 4514 descriptorum
1180 4445 1309 4498 bonorum
1322 4463 1369 4498 usu
1382 4445 1476 4517 collegi

1284 4101 1345 4152 dcm
1368 4117 1392 4153 cr
1423 4119 1477 4155 nou
