3260 5042
406 325 408 330 -
528 301 577 352 ns
604 301 731 356 cnsrrs
757 302 867 354 nnnx.
894 260 945 372 in,
973 299 1014 353 rs.
1112 315 1116 323 .
1360 285 1408 355 31

157 493 383 580 pervenerat,
413 484 616 580 lectumque
651 499 749 572 eom,
787 484 900 578 ignoti
931 484 1029 554 anuli
1067 485 1181 580 sigillo
1216 487 1401 584 impresso,

112 611 141 658 1⁵
160 587 276 664 Siseni
301 590 382 666 duri
407 594 571 681 iusserat,
609 590 659 664 ad
693 591 955 666 aestimandam
985 589 1094 665 fidem
1129 594 1280 668 barbari.
1335 594 1405 687 Qui

160 703 245 797 quia
268 727 334 801 per
360 702 563 822 complures
590 699 666 774 dies
688 705 766 796 ¹non
793 701 933 776 adierat
965 725 1097 798 regern,
1137 704 1288 777 scelesto
1322 733 1405 780 con·

160 813 238 887 silio
264 838 345 888 enm
370 811 471 884 visus
498 821 555 884 est
580 814 833 911 suppressisse,
874 823 912 884 et
943 813 980 884 in
1012 813 1154 908 agmine
1180 840 1203 886 a
1229 811 1404 890 Cretensi-

159 924 230 996 bus
256 918 354 995 heud
381 919 490 994 dubie
515 921 615 995 iussu
640 924 735 1018 regis
764 923 911 994 occisus.

103 1067 161 1116 vm
265 1029 412 1124 lamque
441 1026 568 1106 Graeci
594 1033 734 1120 milites,
762 1054 853 1126 quos
880 1029 1088 1130 Thymodes
1119 1058 1142 1104 o
1168 1029 1452 1110 Phamebazol9

73 1181 81 1204 x
159 1147 366 1238 acceperat,
401 1143 595 1238 praecipua
628 1165 711 1238 spes
739 1151 776 1214 et
807 1140 1070 1239 propemodum
1105 1143 1218 1233 unico,
1253 1143 1302 1218 ed
1332 1143 1403 1218 Da

125 1274 263 1328 rreum
286 1260 538 1348 pervenerant
589 1247 638 1321 Hi
663 1274 883 1348 magnopere
909 1250 1120 1341 suadebant,
1152 1261 1194 1324 ut
1218 1264 1316 1327 retro
1342 1258 1403 1328 ab·

157 1361 247 1452 iret,
264 1361 530 1458 spatiososque
561 1357 844 1458 Mesopotamiae
884 1385 1036 1460 campos
1063 1373 1259 1459 repeteret:
1296 1365 1326 1438 si
1363 1363 1403 1450 id

157 1471 347 1546 consilium
372 1466 570 1560 damnaret,
602 1481 642 1548 ut
672 1471 730 1543 illc
763 1469 944 1544 divideret
974 1472 1101 1544 saltem
1126 1473 1402 1548 innumerabiles

158 1581 293 1678 copias,
318 1603 391 1652 neu
417 1580 485 1652 sub
511 1605 623 1653 unum
648 1581 814 1654 fortunae
840 1581 952 1653 ictum
977 1589 1073 1656 totas
1101 1585 1194 1658 vires
1220 1585 1322 1682 regni
1346 1609 1402 1658 co·

125 1691 248 1764 edere
273 1699 469 1786 pateretur.
508 1689 628 1768 ,Minus
654 1691 724 1762 hoc
749 1692 836 1788 regi,
863 1715 973 1788 quam
998 1695 1204 1791 purpuratis
1231 1695 1307 1767 eius
1333 1693 1402 1768 dis·

157 1800 332 1901 plicebat:
357 1800 551 1896 ancipitem
576 1800 695 1890 fidem,
722 1811 760 1875 et
785 1802 951 1876 mercede
977 1806 1141 1877 venalem
1163 1803 1404 1900 proditionem

156 1909 356 2000 imminere,
388 1921 427 1983 et
458 1907 572 1984 dividi
605 1937 679 1984 non
713 1912 760 1984 ob
796 1910 895 1985 aliud
925 1913 1047 2012 copias
1082 1915 1187 2003 velle,
1220 1935 1329 2006 quom
1362 1923 1407 2000 ut

156 2023 230 2122 ipsi
255 2022 292 2093 in
318 2019 463 2093 diversa
488 2019 647 2118 digressi,
674 2022 705 2094 si
724 2021 812 2118 quid
825 2021 1061 2114 'commissum
1087 2032 1192 2115 esset,
1217 2021 1409 2104 traderent¹

122 2127 382 2230 sAlexandro.
434 2127 530 2202 Nihil
555 2132 669 2204 tutius
695 2132 782 2222 fore,
811 2156 920 2229 quam
946 2132 1186 2207 circumdatos
1212 2158 1274 2208 eos
1301 2157 1403 2212 exer·

155 2245 235 2318 citu
268 2249 353 2322 toto
387 2241 493 2313 obrui
526 2243 616 2332 telis,
654 2241 912 2316 documentum
951 2269 1025 2316 non
1063 2243 1198 2317 inultae
1232 2239 1404 2341 perfidiae

123 2354 312 2426 essenos.
363 2351 418 2422 At
442 2348 592 2442 Dareus,
618 2362 661 2424 ut
687 2361 765 2448 erat
790 2353 936 2427 sanctus
963 2379 1005 2426 ac
1030 2354 1136 2444 mitis,
1164 2379 1202 2426 se
1224 2377 1312 2426 vero
1326 2361 1405 2425 tan·
1498 2413 1500 2418 ,
1559 2345 1586 2385 ”

155 2473 240 2537 tum
265 2459 404 2534 fucinus
430 2471 540 2558 negot
565 2485 644 2536 esse
669 2463 859 2554 lecturum,
893 2475 937 2537 ut
974 2489 1077 2536 suam
1108 2474 1251 2538 secutos
1285 2462 1404 2552 fidem,

155 2689 261 2796 a...
294 2667 772 2803 ...ruffina
800 2669 1305 2802 ..cml
1318 2681 1406 2790 rr
1514 2761 1517 2770 ,

192 2813 219 2878 5.
241 2814 284 2859 1⁴.
300 2807 443 2874 ledmnque
460 2822 526 2872 conr,
544 2807 627 2874 iqrroti
644 2805 718 2856 anule
728 2821 766 2856 n·
801 2809 930 2860 cornutam
941 2809 1235 2876 precarentur-minere,
1246 2806 1298 2859 aibr
1311 2805 1405 2858 saltem

153 2879 224 2946 yr‘llo
244 2877 279 2926 r‘rn
313 2887 381 2938 esso,
400 2873 430 2924 S.
448 2875 511 2925 dari
529 2873 658 2992 ιἰιψεειτιιιέ1
680 2869 766 2923 Addi-
801 2876 895 2928 darenl
904 2876 1154 2942 populiconeilr'am,
1171 2875 1206 2926 ed
1222 2889 1301 2943 quem
1318 2870 1405 2924 locum

155 2953 204 2997 tm·
221 2942 253 2996 in
297 2947 372 2994 naal
392 2938 467 2992 etin
484 2938 604 3000 omnibus
622 2940 640 2993 li
659 2938 766 2992 damae
801 2941 861 3012 lege
879 2939 1005 2996 Gronorii
1016 2950 1104 2996 notam
1117 2950 1146 2994 et
1155 2939 1404 3012 =conferquueDru·

155 3009 261 3066 nostris
277 3005 302 3061 it
318 3015 381 3061 ante
389 3007 518 3061 ablativos
535 3007 678 3073 absolutos,
695 3005 768 3077 quod
800 3008 977 3064 kenborchins
1013 3009 1073 3062 lena
1088 3026 1168 3062 manu
1185 3009 1284 3062 laudat
1309 3008 1407 3060 Saltim

156 3089 254 3133 tamen
271 3075 357 3130 locum
373 3076 537 3143 nonhabet,
562 3075 612 3128 nisi
633 3093 668 3129 ex
684 3074 766 3127 Bern.
801 3078 918 3131 BernA
935 3077 984 3130 Lei
1003 3117 1010 3130 .
1029 3077 1106 3130 Voss.
1122 3086 1145 3144 1,
1171 3077 1218 3130 sed
1234 3079 1327 3131 saltem
1342 3091 1405 3128 con·

156 3147 182 3200 B
209 3155 242 3201 et
261 3161 314 3197 uno
330 3143 447 3198 mose
473 3148 627 3214 impressam
653 3141 768 3198 scribere
801 3154 905 3199 stanter
928 3145 1086 3212 Florentini,
1108 3145 1173 3198 item
1189 3143 1299 3214 Vergilii
1319 3143 1406 3196 codex

156 3216 235 3270 relic.
273 3214 312 3266 At
329 3231 384 3266 aon
401 3213 513 3284 epistola
530 3211 697 3282 imprimitur,
719 3209 767 3262 sed
801 3214 945 3268 Mediccus.
972 3213 1349 3282 lnnmnerolrilerccpior‚hoc
1357 3227 1405 3280 po·

157 3285 258 3338 annlrrs
276 3289 324 3334 aut
340 3281 361 3334 ι’
400 3300 445 3334 um
462 3281 543 3350 sunli,
570 3289 601 3333 ut
626 3297 706 3351 supra
731 3277 766 3331 ad
801 3282 854 3336 situ
880 3283 1031 3349 verborum,
1056 3281 1133 3335 codd.
1160 3279 1244 3334 nostri
1260 3281 1296 3332 ad
1323 3296 1405 3332 unum

157 3351 185 3407 c.
198 3367 269 3416 xxv,
287 3351 344 3416 §.⁷
381 3351 507 3404 ocuimus.
759 3365 762 3372 ’
800 3367 900 3404 omnes.
1231 3377 1236 3388 ¹

193 3424 285 3502 5315·
319 3420 433 3489 mm]
467 3418 584 3498 mitur
609 3417 688 3470 '¹¹¹⁰
715 3423 765 3468 ⁶⁸²²
836 3438 859 3503 ξ.
879 3443 904 3488 a.
922 3437 1010 3488 minas
1027 3437 1075 3488 loc
1091 3437 1158 3514 repr]
1176 3433 1294 3487 Additur
1307 3431 1335 3484 in
1349 3429 1405 3512 adi·

156 3504 299 3544 mmmm
316 3503 364 3538 ¹¹⁰³
381 3495 541 3567 “ufmflssoe
557 3488 638 3540 ΒΜ·
691 3482 764 3537 F10‘·
801 3503 836 3556 tia
858 3511 966 3573 practer
989 3503 1062 3556 Mod.
1084 3503 1204 3556 ominbus
1222 3505 1268 3555 loc
1294 3518 1405 3553 consr-

156 3555 289 3622 BCFGI,
302 3554 466 3608 ‘ddeemm
475 3555 575 3608 ΜΗ
594 3569 673 3625 (luem
683 3550 765 3608 δώ·
801 3573 897 3639 lium,
920 3572 967 3624 scd
981 3579 1074 3625 contra
1090 3570 1192 3624 codices
1210 3573 1269 3623 mss.
1287 3583 1386 3623 omncs.

157 3643 245 3748 Ἢ
258 3623 579 3812 ,ἀξὲαέῗᾞεωοηῗ
591 3693 681 3763 Vulgo
698 3693 766 3746 iam:
835 3659 862 3710 ri
881 3657 947 3736 quid
970 3657 1133 3709 commissum
1157 3665 1232 3719 esset,
1257 3653 1402 3724 traderent]

464 3767 494 3812 .
593 3777 766 3830 ωηο·

193 3900 218 3966 ς.
238 3901 266 3950 2.
283 3897 311 3948 52·
327 3913 415 3964 mayn.
432 3897 590 3962 suadebant]
609 3895 669 3948 Non
687 3895 763 3949 dubi·
833 3899 856 3964 §-
875 3902 900 3948 4.
926 3895 1168 3962 Nililtntiacsore
1186 3895 1274 3962 quarn]
1302 3891 1404 3946 Rursus

157 3973 188 4020 to
211 3964 281 4036 quin
306 3963 333 4016 hi
358 3980 475 4035 quoquc:
501 3972 530 4018 ot
547 3963 675 4016 Arrianus
699 3971 764 4030 ¹¹¹⁰
801 3963 884 4018 nostri
912 3962 988 4015 codd
1014 3979 1104 4016 omnes
1130 3979 1189 4015 curn
1207 3961 1271 4014 edit.
1288 3959 1363 4014 Mod.
1387 3977 1403 4012 a

157 4033 186 4086 id
210 4031 352 4086 consilium
377 4033 519 4102 Amyntac,
546 4030 671 4084 Antiochi
699 4031 762 4097 lilio,
798 4031 908 4101 vulgata
925 4031 1056 4099 scripturo
1072 4047 1128 4084 esse
1145 4029 1309 4082 discordant:
1327 4026 1402 4080 Leid.

158 4098 314 4164 Mandoni,
332 4099 377 4170 qui
394 4102 427 4152 ed
445 4101 561 4152 Dareum
571 4099 762 4169 transfugerat,
798 4119 852 4154 non
876 4105 1095 4152 commemoratur
1114 4092 1188 4150 utin
1211 4113 1243 4150 eo
1267 4113 1323 4150 eece
1349 4094 1403 4164 legi

158 4169 236 4238 (vide
254 4185 312 4237 cap.
330 4172 377 4236 28)
395 4168 498 4222 tribuit.
799 4167 927 4222 coniiccre
940 4167 1045 4233 debeas,
1054 4167 1101 4219 sed
1109 4165 1273 4235 excerpentis
1285 4179 1403 4217 errorem

191 4249 222 4290 at
242 4238 432 4290 ille'de'olderet
449 4239 553 4307 schem]
588 4235 646 4290 Liv.
664 4250 711 4302 ur,
729 4242 761 4290 ³1
799 4236 923 4307 nispicor.

158 4307 191 4358 Sr'
213 4306 336 4375 plebeiae
357 4307 425 4374 lepos
453 4307 634 4374 displicerent,
656 4305 764 4356 atilli
834 4308 897 4425 ἓξ».
916 4321 949 4356 ue
963 4305 1033 4356 oritis
1051 4321 1099 4373 pro
1116 4303 1185 4374 vulg.
1201 4313 1223 4356 et
1240 4299 1401 4356 Leidvoss.

156 4377 330 4446 morirer
346 4376 432 4444 leqmn
448 4375 546 4428 totores
563 4383 587 4426 el
605 4373 726 4442 explebe
741 4381 765 4426 et
802 4381 814 4425 1
857 4372 906 4426 lor.
920 4371 996 4424 BEG
1009 4371 1132 4424 Bernll.
