3384 5056
215 315 287 387 352
691 333 725 394 Q·
753 329 877 384 ouarn
901 331 986 383 surr

180 533 181 536 ’
213 523 352 612 petram
374 512 527 607 tradere,
553 517 706 614 gratiam
731 517 825 616 regis
850 517 992 605 inituro,
1026 515 1057 588 si
1083 526 1203 592 tantas
1229 543 1287 593 res
1313 517 1461 591 molien-

95 677 103 692 .
214 635 287 696 tem
319 623 356 695 in
388 625 492 698 unius
526 629 625 727 rupis
656 628 841 704 obsidione
872 631 1019 704 haerere
1046 649 1119 698 non
1145 629 1331 724 coegisset
1384 626 1460 716 Ille,

213 735 365 808 ferocius
397 739 656 837 superbiusque
688 766 795 837 quam
833 753 940 814 antea
977 739 1133 828 locutus,
1172 739 1271 811 abire
1310 737 1460 836 Cophen

215 845 324 920 iubet
376 847 429 920 At
462 850 493 922 is
526 875 696 948 prensum
728 875 836 923 manu
874 852 1066 926 barbarum
1101 859 1221 947 rogat,
1263 861 1304 921 ut
1336 873 1461 922 secum
1478 866 1517 914 2⁴

215 969 320 1030 extra
345 984 492 1056 specum
519 959 687 1056 prodeat:
715 987 786 1056 quo
809 963 1010 1059 impetrato,
1037 962 1186 1035 iuvenes
1212 961 1248 1034 in
1275 960 1461 1033 cacumine

215 1069 390 1158 ostendit,
430 1071 506 1142 eius
547 1069 735 1166 superbiae
770 1071 867 1144 haud
905 1073 1081 1144 immerito
1120 1070 1291 1146 illudens:
1332 1072 1461 1170 pinnas

214 1179 347 1253 habere
373 1181 425 1251 ait
449 1180 580 1252 milites
601 1179 808 1254 Alexandri.
862 1180 1007 1279 lamque
1026 1207 1047 1254 e
1066 1181 1305 1256 Macedonum
1325 1180 1460 1256 castris
1479 1199 1517 1247 ²⁵

109 1314 116 1326 ·
216 1291 399 1387 signorum
425 1301 619 1365 concentus
653 1302 690 1363 et
721 1293 831 1366 totius
864 1292 1042 1367 exercitus
1075 1293 1209 1366 clamor
1234 1293 1459 1367 audiebatur.

214 1395 269 1472 Ee
293 1424 368 1491 res,
408 1403 502 1476 sicut
532 1404 701 1502 pleraque
734 1403 817 1478 belli
844 1430 938 1478 vana
969 1415 1007 1478 et
1038 1405 1174 1496 inania,
1212 1404 1386 1478 barbaros
1411 1401 1461 1476 ad

215 1510 433 1589 deditionem
453 1515 575 1588 traxit
615 1511 754 1614 Quippe
773 1517 937 1615 occupati
956 1527 1056 1590 metu
1081 1516 1299 1614 paucitatem
1324 1539 1460 1606 eorum,

215 1625 277 1722 qui
303 1651 326 1698 a
351 1637 453 1723 tergo
480 1635 595 1716 erant,
621 1627 811 1701 aestimare
837 1652 910 1701 non
936 1637 1113 1725 poterant.
1165 1627 1291 1725 Itaque
1310 1624 1517 1724 cophenae

216 1735 316 1835 (nam
341 1735 564 1833 trepidantes
590 1736 797 1834 reliquerat)
829 1749 974 1812 strenue
1005 1751 1201 1832 revocant,
1240 1755 1278 1811 et
1308 1762 1390 1811 cum
1416 1761 1462 1809 eo

215 1871 308 1920 xxx.
325 1847 502 1945 principes
527 1847 686 1937 mittunt,
713 1849 774 1946 qui
799 1859 938 1947 petram
963 1847 1120 1940 tradant,
1147 1861 1185 1922 et
1210 1859 1252 1922 ut
1275 1847 1459 1922 incolumi·
1497 1907 1503 1914 .

217 1957 286 2030 bus
313 1958 412 2031 abire
437 1957 553 2048 liceat,
579 1959 814 2057 paciscantur.
862 1958 925 2033 Ille
948 1983 1165 2058 quamquam
1183 1961 1386 2050 verebatur,
1413 1983 1460 2031 ne
1477 1975 1514 2023 ιι

215 2081 408 2168 conspecta
427 2069 599 2144 iuvenum
617 2072 798 2167 paucitate
817 2070 1051 2148 deturbarent
1071 2096 1133 2145 eos
1156 2071 1310 2164 barbari,
1337 2083 1460 2146 tamen

215 2191 254 2254 ct
284 2180 449 2254 fortunae
482 2205 569 2254 suae
602 2182 772 2274 confisus,
808 2195 846 2256 et
877 2183 1034 2256 Arimazi
1067 2182 1256 2282 superbiae
1289 2183 1459 2272 infensus,

216 2292 417 2388 nullamse
444 2291 690 2384 condicionem
716 2293 905 2368 deditionis
937 2293 1098 2393 accipere
1132 2293 1327 2393 respondit
1379 2292 1460 2366 Ari·
1477 2308 1517 2359 ²8

216 2427 355 2495 mares,
390 2401 589 2502 desperatis
624 2405 737 2502 magis
773 2431 880 2504 quam
913 2403 1063 2504 perditis
1097 2405 1224 2497 rebus,
1265 2429 1348 2480 oum
1378 2427 1460 2503 pro·

215 2514 356 2612 pinquis
396 2515 694 2614 nobilissimisque
733 2518 850 2615 gentis
888 2541 974 2590 suae
1020 2514 1206 2589 descendit
1242 2518 1280 2589 in
1319 2526 1458 2590 castra:

218 2649 307 2722 quos
341 2651 464 2699 omnes
497 2627 707 2702 verberibus
739 2627 887 2702 affectos
913 2628 980 2702 sub
1013 2627 1100 2725 ipsis
1125 2626 1304 2702 radicibus
1335 2637 1459 2725 petrae

83 2992 88 3002 ,
143 2965 152 2976 ν
216 2935 401 3010 lappellrtur
416 2939 489 3020 apud
502 2937 593 3008 Susa,
611 2939 657 2993 sed
674 2939 821 2996 Beruenses
856 2937 1461 3008 Tumpr'nnoslaberecitdedimuseoordine

216 3005 295 3061 ambo
313 3023 367 3060 non
383 2999 523 3077 addicunt)
541 3003 657 3081 peulnet
673 3008 725 3064 buo
741 3009 822 3064 etiarn
854 3007 1004 3088 verbenam,
1022 3023 1077 3078 quo
1095 3012 1179 3061 nostri
1196 3023 1285 3088 purnes
1301 3015 1331 3062 et
1348 3009 1460 3088 pianes,

217 3074 296 3128 Voss.
316 3083 329 3128 1
348 3077 473 3130 omissus.
855 3084 924 3156 sicut
940 3093 1031 3146 supra,
1056 3091 1090 3157 ex
1112 3075 1227 3147 optimu.
1262 3075 1349 3160 Βιιιξ.Ι
1362 3093 1389 3129 ιιι
1406 3091 1460 3157 nus

217 3187 821 3309 retractaremus
855 3144 1023 3267 aaa
1045 3162 1147 3214 ¹'‘”''“'
1173 3145 1268 3198 Μ’
1292 3146 1386 3198 Μ’
1411 3153 1460 3196 ””’

215 3321 288 3376 Flor.
304 3322 389 3390 sca,
411 3323 492 3378 ceteri
511 3331 600 3378 umen
615 3333 644 3376 et
661 3297 721 3378 edd.
739 3273 821 3394 piique
891 3325 966 3391 §.aa
1003 3323 1111 3395 Jamque
1128 3321 1225 3402 qMoc.
1243 3325 1353 3402 emnia]
1373 3322 1461 3376 Abest

216 3397 369 3513 diff
387 3401 429 3444 ‘⁸‘
445 3393 553 3447 ‘mm'
591 3393 672 3462 '‘l“
690 3395 776 3446 ‘'⁰²⁵⁸‘'
794 3393 822 3446 ⁵¹²
857 3389 1460 3532 tatutttttlttttlltttttl

251 3572 275 3640 ξ.
289 3576 332 3623 at.
360 3586 489 3651 prefatum
510 3571 602 3640 manu]
638 3569 682 3625 sic
699 3569 823 3625 scribitur
857 3528 975 3592 finditur
991 3527 1149 3583 Meum
1167 3527 1223 3581 ΒΕ

216 3638 246 3692 in
268 3638 346 3692 codd.
370 3636 446 3693 Lerd.
467 3639 545 3694 Voss.
568 3646 579 3693 1
605 3638 724 3694 Berua
746 3639 820 3695 Flor.
892 3643 972 3705 §.ld
1003 3649 1027 3692 et
1048 3651 1076 3693 ut
1093 3639 1275 3761 insolubile?
1305 3637 1375 3692 aad.
1392 3646 1478 3716 vett¹

217 3707 267 3761 AB
282 3706 361 3759 idest
377 3705 494 3760 omnium
508 3707 625 3778 optimis,
638 3725 749 3780 quorum
761 3725 823 3761 oon·
857 3717 880 3760 et
898 3709 972 3760 insol.
1006 3707 1083 3762 Mod.
1100 3717 1129 3762 ut
1150 3709 1226 3762 iacal.
1272 3707 1307 3760 ed
1324 3716 1397 3762 recta
1413 3723 1459 3761 oo-

217 3773 382 3828 sensumnoli
392 3784 560 3830 contemnere
570 3793 632 3847 prae
641 3776 751 3848 vulgata
758 3793 822 3846 pre·
857 3775 927 3830 dices
948 3784 1088 3847 utramque
1132 3775 1269 3830 oraculum
1296 3775 1393 3829 couiun
1429 3783 1460 3830 nt

217 3846 332 3897 ὴιιιιιιηι.
367 3842 410 3896 Of.
427 3843 462 3896 ad
479 3859 509 3922 ιι,
528 3851 571 3913 87,
589 3850 632 3899 20.
857 3853 962 3914 praeter
987 3846 1098 3898 voest
1148 3844 1245 3899 ernss
1269 3843 1386 3899 Floall
1431 3843 1459 3896 in

253 3957 309 4008 dm
331 3955 469 4024 superbiae
487 3986 521 3996 —
539 3957 665 4026 ium]
701 3957 771 4009 Eius
793 3956 822 4010 in
856 3913 1002 4034 qupuscur
1029 3913 1136 3967 excidit.
1172 3914 1317 3966 Incolumes
1338 3912 1415 3967 Voss.
1441 3917 1457 3965 2

218 4023 339 4078 omnibus
356 4022 489 4076 codicibus
503 4031 554 4090 est,
573 4041 685 4094 quorum
699 4023 821 4078 notitiam

218 4091 359 4158 habemus,
387 4089 510 4162 itemque,
524 4091 553 4146 in
575 4093 635 4146 edd.
652 4100 716 4146 vett
738 4093 821 4148 donec
889 4095 912 4160 §.
926 4098 968 4145 ιι.
1002 4093 1141 4161 superbiae
1162 4092 1294 4162 infereus]
1330 4091 1393 4144 Vox
1420 4093 1460 4145 ia·

218 4159 325 4215 Modius
343 4158 423 4216 tacito
440 4160 515 4214 dedit
533 4162 651 4229 eiusque,
679 4177 757 4232 quem
778 4179 820 4214 re-
850 4161 948 4230 seaeus
969 4159 1067 4214 omissa
1088 4169 1130 4213 est
1151 4159 1178 4214 in
1200 4165 1278 4214 Rem.
1297 4161 1322 4214 A
1343 4169 1370 4213 et
1387 4159 1459 4215 Flor.

219 4229 351 4283 cautiores
369 4229 451 4283 scorti
468 4237 539 4282 suut.
566 4228 630 4283 Non
647 4231 821 4300 reprehendo,
856 4229 1064 4284 sacacium
1081 4227 1360 4299 inSnakanburgianis
1378 4227 1459 4292 libris,

218 4299 265 4352 sed
278 4308 377 4363 tamem
395 4297 417 4350 si
434 4315 499 4352 voce
515 4297 633 4363 adiuves,
649 4307 681 4350 ut
697 4317 760 4352 nam
777 4309 824 4352 aut
856 4299 903 4351 sed
925 4315 1014 4352 cerere
1031 4315 1063 4352 ea
1084 4316 1138 4352 non
1159 4315 1311 4368 possumus,
1332 4307 1362 4352 et
1383 4307 1462 4352 extat

219 4369 317 4422 sciluet
340 4365 505 4437 intelligatur
522 4367 557 4420 sd
573 4365 715 4436 insequens
732 4367 822 4434 colon,
857 4366 884 4420 in
904 4367 1000 4420 ceteris
1017 4366 1089 4422 Flos.
1126 4365 1196 4420 Tum
1223 4370 1361 4436 responde!
1389 4365 1460 4421 Flor.

98 4451 100 4456 ’
218 4435 338 4494 oudinum
357 4435 514 4508 scripturam
535 4445 602 4507 puto
619 4435 717 4491 servari
739 4453 822 4507 posse.
857 4433 953 4490 cccl.
