<?xml version="1.0" encoding="UTF-8"?>
<!DOCTYPE html PUBLIC "-//W3C//DTD XHTML 1.0 Transitional//EN"
    "http://www.w3.org/TR/xhtml1/DTD/xhtml1-transitional.dtd">
<html xmlns="http://www.w3.org/1999/xhtml" xml:lang="en" lang="en">
 <head>
  <title>
</title>
<meta http-equiv="Content-Type" content="text/html;charset=utf-8" />
  <meta name='ocr-system' content='tesseract 3.04.00' />
  <meta name='ocr-capabilities' content='ocr_page ocr_carea ocr_par ocr_line ocrx_word'/>
</head>
<body>
  <div class='ocr_page' id='page_1' title='image "./qcurtiirufidege03rufugoog_0388.png"; bbox 0 0 3330 5050; ppageno 0'>
   <div class='ocr_carea' id='block_1_1' title="bbox 592 327 1457 419">
    <p class='ocr_par' dir='ltr' id='par_1_1' title="bbox 592 327 1457 419">
     <span class='ocr_line' id='line_1_1' title="bbox 592 327 1457 419; baseline -0.005 -16"><span class='ocrx_word' id='word_1_1' title='bbox 592 353 642 403; x_wconf 84' lang='lat' dir='ltr'><strong>na</strong></span> <span class='ocrx_word' id='word_1_2' title='bbox 668 348 795 402; x_wconf 79' lang='lat' dir='ltr'><strong>easrrs</strong></span> <span class='ocrx_word' id='word_1_3' title='bbox 822 349 931 402; x_wconf 75' lang='lat' dir='ltr'><strong>arax.</strong></span> <span class='ocrx_word' id='word_1_4' title='bbox 957 351 1035 419; x_wconf 88' lang='lat' dir='ltr'><strong>vm,</strong></span> <span class='ocrx_word' id='word_1_5' title='bbox 1054 347 1078 395; x_wconf 81' lang='lat' dir='ltr'><strong>r.</strong></span> <span class='ocrx_word' id='word_1_6' title='bbox 1384 327 1457 399; x_wconf 85' lang='lat'><strong>361</strong></span> 
     </span>
    </p>
   </div>
   <div class='ocr_carea' id='block_1_2' title="bbox 145 533 1485 2412">
    <p class='ocr_par' dir='ltr' id='par_1_2' title="bbox 145 533 1485 2412">
     <span class='ocr_line' id='line_1_2' title="bbox 216 533 1460 634; baseline -0.002 -25"><span class='ocrx_word' id='word_1_7' title='bbox 216 534 425 625; x_wconf 88' lang='lat' dir='ltr'><strong>obstinatis,</strong></span> <span class='ocrx_word' id='word_1_8' title='bbox 453 533 566 608; x_wconf 82' lang='lat' dir='ltr'><strong>(llitus</strong></span> <span class='ocrx_word' id='word_1_9' title='bbox 593 537 765 634; x_wconf 83' lang='lat' dir='ltr'><strong>paulatim</strong></span> <span class='ocrx_word' id='word_1_10' title='bbox 792 535 925 609; x_wconf 88' lang='lat' dir='ltr'><strong>maiore</strong></span> <span class='ocrx_word' id='word_1_11' title='bbox 951 559 1041 608; x_wconf 88' lang='lat' dir='ltr'><strong>voce</strong></span> <span class='ocrx_word' id='word_1_12' title='bbox 1066 533 1220 630; x_wconf 90' lang='lat' dir='ltr'><strong>Philippi</strong></span> <span class='ocrx_word' id='word_1_13' title='bbox 1246 545 1327 608; x_wconf 78' lang='lat' dir='ltr'><strong>anta</strong></span> <span class='ocrx_word' id='word_1_14' title='bbox 1352 534 1460 608; x_wconf 88' lang='lat' dir='ltr'><strong>bella·</strong></span> 
     </span>
     <span class='ocr_line' id='line_1_3' title="bbox 218 643 1460 745; baseline -0.002 -25"><span class='ocrx_word' id='word_1_15' title='bbox 218 649 344 744; x_wconf 90' lang='lat' dir='ltr'><strong>quein</strong></span> <span class='ocrx_word' id='word_1_16' title='bbox 366 643 518 720; x_wconf 78' lang='lat' dir='ltr'><strong>Graecia</strong></span> <span class='ocrx_word' id='word_1_17' title='bbox 536 658 640 745; x_wconf 87' lang='lat' dir='ltr'><strong>gesta</strong></span> <span class='ocrx_word' id='word_1_18' title='bbox 660 657 924 734; x_wconf 78' lang='lat' dir='ltr'><strong>commemorat,</strong></span> <span class='ocrx_word' id='word_1_19' title='bbox 951 645 1071 719; x_wconf 92' lang='lat' dir='ltr'><strong>omnia</strong></span> <span class='ocrx_word' id='word_1_20' title='bbox 1092 644 1340 742; x_wconf 89' lang='lat' dir='ltr'><strong>praesentibus</strong></span> <span class='ocrx_word' id='word_1_21' title='bbox 1361 653 1460 743; x_wconf 89' lang='lat' dir='ltr'><strong>prae·</strong></span> 
     </span>
     <span class='ocr_line' id='line_1_4' title="bbox 166 755 1460 853; baseline -0.005 -20"><span class='ocrx_word' id='word_1_22' title='bbox 166 759 347 833; x_wconf 70' lang='lat' dir='ltr'><strong>atterens.</strong></span> <span class='ocrx_word' id='word_1_23' title='bbox 400 755 496 828; x_wconf 90' lang='lat' dir='ltr'><strong>Hinc</strong></span> <span class='ocrx_word' id='word_1_24' title='bbox 534 759 627 832; x_wconf 89' lang='lat' dir='ltr'><strong>inter</strong></span> <span class='ocrx_word' id='word_1_25' title='bbox 665 760 820 832; x_wconf 88' lang='lat' dir='ltr'><strong>iuniores</strong></span> <span class='ocrx_word' id='word_1_26' title='bbox 853 781 1025 853; x_wconf 88' lang='lat' dir='ltr'><strong>senesque</strong></span> <span class='ocrx_word' id='word_1_27' title='bbox 1057 765 1138 830; x_wconf 86' lang='lat' dir='ltr'><strong>orta</strong></span> <span class='ocrx_word' id='word_1_28' title='bbox 1171 756 1351 828; x_wconf 87' lang='lat' dir='ltr'><strong>eontentio</strong></span> <span class='ocrx_word' id='word_1_29' title='bbox 1385 766 1460 844; x_wconf 88' lang='lat' dir='ltr'><strong>est;</strong></span> 
     </span>
     <span class='ocr_line' id='line_1_5' title="bbox 218 864 1462 968; baseline -0.004 -25"><span class='ocrx_word' id='word_1_30' title='bbox 218 881 256 943; x_wconf 86' lang='lat' dir='ltr'><strong>et</strong></span> <span class='ocrx_word' id='word_1_31' title='bbox 282 893 358 956; x_wconf 86' lang='lat' dir='ltr'><strong>rex,</strong></span> <span class='ocrx_word' id='word_1_32' title='bbox 386 867 487 941; x_wconf 88' lang='lat' dir='ltr'><strong>velut</strong></span> <span class='ocrx_word' id='word_1_33' title='bbox 513 872 692 968; x_wconf 78' lang='lat' dir='ltr'>patienter</span> <span class='ocrx_word' id='word_1_34' title='bbox 717 865 867 958; x_wconf 90' lang='lat' dir='ltr'><strong>audiret,</strong></span> <span class='ocrx_word' id='word_1_35' title='bbox 895 869 973 965; x_wconf 91' lang='lat' dir='ltr'><strong>quis</strong></span> <span class='ocrx_word' id='word_1_36' title='bbox 994 864 1107 940; x_wconf 86' lang='lat' dir='ltr'><strong>Clitus</strong></span> <span class='ocrx_word' id='word_1_37' title='bbox 1129 864 1317 938; x_wconf 76' lang='lat' dir='ltr'>obterebat</span> <span class='ocrx_word' id='word_1_38' title='bbox 1337 865 1462 938; x_wconf 90' lang='lat' dir='ltr'><strong>laudes</strong></span> 
     </span>
     <span class='ocr_line' id='line_1_6' title="bbox 166 975 1462 1077; baseline 0.001 -31"><span class='ocrx_word' id='word_1_39' title='bbox 166 1000 199 1046; x_wconf 82' lang='lat' dir='ltr'><strong>aa</strong></span> <span class='ocrx_word' id='word_1_40' title='bbox 219 980 305 1066; x_wconf 89' lang='lat' dir='ltr'><strong>eius,</strong></span> <span class='ocrx_word' id='word_1_41' title='bbox 332 977 514 1074; x_wconf 81' lang='lat' dir='ltr'><strong>ingentem</strong></span> <span class='ocrx_word' id='word_1_42' title='bbox 536 984 624 1054; x_wconf 89' lang='lat' dir='ltr'><strong>iram</strong></span> <span class='ocrx_word' id='word_1_43' title='bbox 647 989 868 1077; x_wconf 88' lang='lat' dir='ltr'><strong>conceperat.</strong></span> <span class='ocrx_word' id='word_1_44' title='bbox 922 975 1089 1050; x_wconf 87' lang='lat' dir='ltr'><strong>Ceterum</strong></span> <span class='ocrx_word' id='word_1_45' title='bbox 1116 1001 1196 1048; x_wconf 87' lang='lat' dir='ltr'><strong>eum</strong></span> <span class='ocrx_word' id='word_1_46' title='bbox 1222 977 1340 1049; x_wconf 88' lang='lat' dir='ltr'><strong>animo</strong></span> <span class='ocrx_word' id='word_1_47' title='bbox 1366 975 1462 1048; x_wconf 90' lang='lat' dir='ltr'><strong>vide·</strong></span> 
     </span>
     <span class='ocr_line' id='line_1_7' title="bbox 218 1085 1461 1190; baseline -0.002 -28"><span class='ocrx_word' id='word_1_48' title='bbox 218 1102 320 1166; x_wconf 91' lang='lat' dir='ltr'><strong>retur</strong></span> <span class='ocrx_word' id='word_1_49' title='bbox 346 1091 602 1190; x_wconf 75' lang='lat' dir='ltr'><strong>imperaturus,</strong></span> <span class='ocrx_word' id='word_1_50' title='bbox 637 1093 667 1164; x_wconf 92' lang='lat' dir='ltr'><strong>si</strong></span> <span class='ocrx_word' id='word_1_51' title='bbox 693 1091 801 1163; x_wconf 88' lang='lat' dir='ltr'><strong>finem</strong></span> <span class='ocrx_word' id='word_1_52' title='bbox 832 1089 1029 1189; x_wconf 79' lang='lat' dir='ltr'><strong>procaciter</strong></span> <span class='ocrx_word' id='word_1_53' title='bbox 1053 1100 1134 1161; x_wconf 90' lang='lat' dir='ltr'><strong>orto</strong></span> <span class='ocrx_word' id='word_1_54' title='bbox 1166 1089 1321 1162; x_wconf 89' lang='lat' dir='ltr'><strong>sermoni</strong></span> <span class='ocrx_word' id='word_1_55' title='bbox 1348 1085 1461 1161; x_wconf 86' lang='lat' dir='ltr'><strong>Clitus</strong></span> 
     </span>
     <span class='ocr_line' id='line_1_8' title="bbox 219 1200 1461 1314; baseline 0 -42"><span class='ocrx_word' id='word_1_56' title='bbox 219 1201 437 1299; x_wconf 89' lang='lat' dir='ltr'><strong>imponeret,</strong></span> <span class='ocrx_word' id='word_1_57' title='bbox 484 1204 572 1275; x_wconf 87' lang='lat' dir='ltr'><strong>nihil</strong></span> <span class='ocrx_word' id='word_1_58' title='bbox 606 1229 731 1277; x_wconf 91' lang='lat' dir='ltr'><strong>eorum</strong></span> <span class='ocrx_word' id='word_1_59' title='bbox 772 1203 977 1314; x_wconf 67' lang='lat' dir='ltr'><strong>omittente³</strong></span> <span class='ocrx_word' id='word_1_60' title='bbox 1016 1200 1129 1298; x_wconf 86' lang='lat' dir='ltr'><strong>magis</strong></span> <span class='ocrx_word' id='word_1_61' title='bbox 1170 1200 1461 1297; x_wconf 80' lang='lat' dir='ltr'><strong>exasperabatur.</strong></span> 
     </span>
     <span class='ocr_line' id='line_1_9' title="bbox 166 1308 1465 1411; baseline 0 -27"><span class='ocrx_word' id='word_1_62' title='bbox 166 1330 200 1379; x_wconf 75' lang='lat' dir='ltr'><strong>tt</strong></span> <span class='ocrx_word' id='word_1_63' title='bbox 218 1311 366 1411; x_wconf 90' lang='lat' dir='ltr'><strong>Iamque</strong></span> <span class='ocrx_word' id='word_1_64' title='bbox 393 1313 508 1388; x_wconf 85' lang='lat' dir='ltr'><strong>Clitus</strong></span> <span class='ocrx_word' id='word_1_65' title='bbox 544 1316 652 1388; x_wconf 90' lang='lat' dir='ltr'><strong>etiam</strong></span> <span class='ocrx_word' id='word_1_66' title='bbox 683 1313 956 1386; x_wconf 86' lang='lat' dir='ltr'><strong>Parmenionem</strong></span> <span class='ocrx_word' id='word_1_67' title='bbox 991 1309 1183 1384; x_wconf 87' lang='lat' dir='ltr'><strong>defendere</strong></span> <span class='ocrx_word' id='word_1_68' title='bbox 1217 1308 1391 1401; x_wconf 84' lang='lat' dir='ltr'><strong>audebat,</strong></span> <span class='ocrx_word' id='word_1_69' title='bbox 1427 1323 1465 1384; x_wconf 90' lang='lat' dir='ltr'><strong>et</strong></span> 
     </span>
     <span class='ocr_line' id='line_1_10' title="bbox 220 1421 1465 1523; baseline 0 -28"><span class='ocrx_word' id='word_1_70' title='bbox 220 1421 376 1523; x_wconf 92' lang='lat' dir='ltr'><strong>Philippi</strong></span> <span class='ocrx_word' id='word_1_71' title='bbox 407 1423 453 1498; x_wconf 93' lang='lat' dir='ltr'><strong>de</strong></span> <span class='ocrx_word' id='word_1_72' title='bbox 478 1425 759 1500; x_wconf 77' lang='lat' dir='ltr'><strong>Atheniensibus</strong></span> <span class='ocrx_word' id='word_1_73' title='bbox 794 1423 977 1496; x_wconf 86' lang='lat' dir='ltr'><strong>victoriam</strong></span> <span class='ocrx_word' id='word_1_74' title='bbox 1003 1422 1207 1496; x_wconf 85' lang='lat' dir='ltr'><strong>Thebarum</strong></span> <span class='ocrx_word' id='word_1_75' title='bbox 1239 1421 1465 1518; x_wconf 87' lang='lat' dir='ltr'><strong>praeferebat</strong></span> 
     </span>
     <span class='ocr_line' id='line_1_11' title="bbox 219 1533 1485 1634; baseline -0.002 -26"><span class='ocrx_word' id='word_1_76' title='bbox 219 1534 371 1625; x_wconf 85' lang='lat' dir='ltr'><strong>excidio,</strong></span> <span class='ocrx_word' id='word_1_77' title='bbox 397 1559 470 1609; x_wconf 93' lang='lat' dir='ltr'><strong>non</strong></span> <span class='ocrx_word' id='word_1_78' title='bbox 497 1537 582 1609; x_wconf 84' lang='lat' dir='ltr'><strong>vino</strong></span> <span class='ocrx_word' id='word_1_79' title='bbox 608 1535 728 1626; x_wconf 91' lang='lat' dir='ltr'><strong>modo,</strong></span> <span class='ocrx_word' id='word_1_80' title='bbox 754 1533 820 1608; x_wconf 89' lang='lat' dir='ltr'><strong>sed</strong></span> <span class='ocrx_word' id='word_1_81' title='bbox 841 1533 948 1606; x_wconf 87' lang='lat' dir='ltr'><strong>etiam</strong></span> <span class='ocrx_word' id='word_1_82' title='bbox 968 1534 1076 1606; x_wconf 91' lang='lat' dir='ltr'><strong>animi</strong></span> <span class='ocrx_word' id='word_1_83' title='bbox 1099 1556 1213 1630; x_wconf 87' lang='lat' dir='ltr'><strong>prava</strong></span> <span class='ocrx_word' id='word_1_84' title='bbox 1232 1533 1485 1634; x_wconf 85' lang='lat' dir='ltr'><strong>contentione</strong></span> 
     </span>
     <span class='ocr_line' id='line_1_12' title="bbox 167 1642 1462 1744; baseline 0.005 -32"><span class='ocrx_word' id='word_1_85' title='bbox 167 1665 202 1713; x_wconf 82' lang='lat' dir='ltr'><strong>ss</strong></span> <span class='ocrx_word' id='word_1_86' title='bbox 220 1655 423 1744; x_wconf 88' lang='lat' dir='ltr'><strong>provectus.</strong></span> <span class='ocrx_word' id='word_1_87' title='bbox 477 1647 537 1721; x_wconf 86' lang='lat' dir='ltr'><strong>Ad</strong></span> <span class='ocrx_word' id='word_1_88' title='bbox 564 1649 744 1737; x_wconf 92' lang='lat' dir='ltr'><strong>ultimum,</strong></span> <span class='ocrx_word' id='word_1_89' title='bbox 777 1642 820 1720; x_wconf 83' lang='lat' dir='ltr'><strong>Si</strong></span> <span class='ocrx_word' id='word_1_90' title='bbox 843 1643 1065 1735; x_wconf 63' lang='lat' dir='ltr'><strong>menardum</strong></span> <span class='ocrx_word' id='word_1_91' title='bbox 1097 1643 1225 1740; x_wconf 90' lang='lat' dir='ltr'><strong>inquit,</strong></span> <span class='ocrx_word' id='word_1_92' title='bbox 1259 1655 1307 1717; x_wconf 87' lang='lat' dir='ltr'><strong>est</strong></span> <span class='ocrx_word' id='word_1_93' title='bbox 1330 1668 1399 1742; x_wconf 85' lang='lat' dir='ltr'><strong>pro</strong></span> <span class='ocrx_word' id='word_1_94' title='bbox 1423 1659 1462 1736; x_wconf 80' lang='lat' dir='ltr'><strong>te,</strong></span> 
     </span>
     <span class='ocr_line' id='line_1_13' title="bbox 221 1753 1463 1857; baseline -0.004 -25"><span class='ocrx_word' id='word_1_95' title='bbox 221 1753 329 1832; x_wconf 71' lang='lat' dir='ltr'><strong>orae</strong></span> <span class='ocrx_word' id='word_1_96' title='bbox 353 1769 402 1832; x_wconf 82' lang='lat' dir='ltr'><strong>est</strong></span> <span class='ocrx_word' id='word_1_97' title='bbox 419 1759 577 1857; x_wconf 57' lang='lat' dir='ltr'><strong>pomus:</strong></span> <span class='ocrx_word' id='word_1_98' title='bbox 602 1771 639 1832; x_wconf 83' lang='lat' dir='ltr'><strong>ot</strong></span> <span class='ocrx_word' id='word_1_99' title='bbox 663 1783 739 1832; x_wconf 85' lang='lat' dir='ltr'><strong>cum</strong></span> <span class='ocrx_word' id='word_1_100' title='bbox 763 1754 917 1830; x_wconf 68' lang='lat' dir='ltr'><strong>vinnm</strong></span> <span class='ocrx_word' id='word_1_101' title='bbox 937 1753 1111 1828; x_wconf 83' lang='lat' dir='ltr'><strong>arbitrium</strong></span> <span class='ocrx_word' id='word_1_102' title='bbox 1133 1753 1217 1854; x_wconf 71' lang='lat' dir='ltr'><strong>upra,</strong></span> <span class='ocrx_word' id='word_1_103' title='bbox 1236 1755 1463 1854; x_wconf 74' lang='lat' dir='ltr'><strong>pruempaum</strong></span> 
     </span>
     <span class='ocr_line' id='line_1_14' title="bbox 170 1861 1461 1970; baseline 0.005 -36"><span class='ocrx_word' id='word_1_104' title='bbox 170 1869 343 1970; x_wconf 67' lang='lat' dir='ltr'><strong>assason,</strong></span> <span class='ocrx_word' id='word_1_105' title='bbox 368 1870 428 1968; x_wconf 81' lang='lat' dir='ltr'><strong>qui</strong></span> <span class='ocrx_word' id='word_1_106' title='bbox 446 1869 685 1968; x_wconf 62' lang='lat' dir='ltr'><strong>proturbamur</strong></span> <span class='ocrx_word' id='word_1_107' title='bbox 704 1865 818 1968; x_wconf 76' lang='lat' dir='ltr'><strong>patrie</strong></span> <span class='ocrx_word' id='word_1_108' title='bbox 842 1865 893 1940; x_wconf 83' lang='lat' dir='ltr'><strong>tui</strong></span> <span class='ocrx_word' id='word_1_109' title='bbox 914 1865 1092 1941; x_wconf 67' lang='lat' dir='ltr'><strong>meritoriae</strong></span> <span class='ocrx_word' id='word_1_110' title='bbox 1117 1865 1269 1939; x_wconf 69' lang='lat' dir='ltr'><strong>madar.</strong></span> <span class='ocrx_word' id='word_1_111' title='bbox 1320 1861 1461 1965; x_wconf 79' lang='lat' dir='ltr'><strong>Sopdirr·</strong></span> 
     </span>
     <span class='ocr_line' id='line_1_15' title="bbox 196 1976 1464 2080; baseline -0.003 -26"><span class='ocrx_word' id='word_1_112' title='bbox 196 2005 301 2054; x_wconf 57' lang='lat' dir='ltr'><strong>&#39;amn</strong></span> <span class='ocrx_word' id='word_1_113' title='bbox 326 1980 493 2080; x_wconf 56' lang='lat' dir='ltr'><strong>reptionem</strong></span> <span class='ocrx_word' id='word_1_114' title='bbox 517 1981 603 2054; x_wconf 74' lang='lat' dir='ltr'><strong>radii</strong></span> <span class='ocrx_word' id='word_1_115' title='bbox 625 1979 790 2071; x_wconf 65' lang='lat' dir='ltr'><strong>hamtab,</strong></span> <span class='ocrx_word' id='word_1_116' title='bbox 820 1978 933 2052; x_wconf 78' lang='lat' dir='ltr'><strong>totr&#39;em</strong></span> <span class='ocrx_word' id='word_1_117' title='bbox 957 1976 1120 2069; x_wconf 81' lang='lat' dir='ltr'><strong>rebellem,</strong></span> <span class='ocrx_word' id='word_1_118' title='bbox 1145 1991 1177 2051; x_wconf 79' lang='lat' dir='ltr'><strong>et</strong></span> <span class='ocrx_word' id='word_1_119' title='bbox 1199 2001 1267 2051; x_wconf 81' lang='lat' dir='ltr'><strong>noa</strong></span> <span class='ocrx_word' id='word_1_120' title='bbox 1286 1977 1389 2052; x_wconf 86' lang='lat' dir='ltr'><strong>-modo</strong></span> <span class='ocrx_word' id='word_1_121' title='bbox 1414 1976 1464 2050; x_wconf 76' lang='lat' dir='ltr'><strong>irr-</strong></span> 
     </span>
     <span class='ocr_line' id='line_1_16' title="bbox 145 2087 1464 2191; baseline -0.002 -25"><span class='ocrx_word' id='word_1_122' title='bbox 145 2109 151 2116; x_wconf 84' lang='lat'>&#39;</span> <span class='ocrx_word' id='word_1_123' title='bbox 222 2087 397 2182; x_wconf 62' lang='lat' dir='ltr'><strong>domm,</strong></span> <span class='ocrx_word' id='word_1_124' title='bbox 431 2089 959 2191; x_wconf 75' lang='lat' dir='ltr'><strong>eedpuueacsahiqiquidam</strong></span> <span class='ocrx_word' id='word_1_125' title='bbox 986 2091 1101 2186; x_wconf 78' lang='lat' dir='ltr'><strong>poerit.</strong></span> <span class='ocrx_word' id='word_1_126' title='bbox 1154 2087 1464 2189; x_wconf 80' lang='lat' dir='ltr'><strong>Mittoradferos</strong></span> 
     </span>
     <span class='ocr_line' id='line_1_17' title="bbox 170 2195 1465 2302; baseline -0.003 -26"><span class='ocrx_word' id='word_1_127' title='bbox 170 2219 204 2268; x_wconf 75' lang='lat' dir='ltr'><strong>tt</strong></span> <span class='ocrx_word' id='word_1_128' title='bbox 221 2201 350 2292; x_wconf 69' lang='lat' dir='ltr'><strong>team,</strong></span> <span class='ocrx_word' id='word_1_129' title='bbox 370 2201 575 2300; x_wconf 75' lang='lat' dir='ltr'><strong>proempr&#39;tt&#39;u</strong></span> <span class='ocrx_word' id='word_1_130' title='bbox 599 2203 734 2302; x_wconf 74' lang='lat' dir='ltr'><strong>ispanio</strong></span> <span class='ocrx_word' id='word_1_131' title='bbox 758 2202 900 2276; x_wconf 67' lang='lat' dir='ltr'><strong>aaran.</strong></span> <span class='ocrx_word' id='word_1_132' title='bbox 942 2195 1013 2275; x_wconf 80' lang='lat' dir='ltr'><strong>Sed</strong></span> <span class='ocrx_word' id='word_1_133' title='bbox 1037 2225 1122 2301; x_wconf 77' lang='lat' dir='ltr'><strong>quur</strong></span> <span class='ocrx_word' id='word_1_134' title='bbox 1148 2199 1196 2273; x_wconf 87' lang='lat' dir='ltr'><strong>ud</strong></span> <span class='ocrx_word' id='word_1_135' title='bbox 1218 2199 1465 2301; x_wconf 21' lang='lat' dir='ltr'><strong>menpetiacat,</strong></span> 
     </span>
     <span class='ocr_line' id='line_1_18' title="bbox 222 2309 1467 2412; baseline 0.002 -28"><span class='ocrx_word' id='word_1_136' title='bbox 222 2317 363 2386; x_wconf 73' lang='lat' dir='ltr'><strong>taruco.</strong></span> <span class='ocrx_word' id='word_1_137' title='bbox 414 2311 568 2412; x_wconf 74' lang='lat' dir='ltr'><strong>Philippi</strong></span> <span class='ocrx_word' id='word_1_138' title='bbox 602 2312 721 2387; x_wconf 81' lang='lat' dir='ltr'><strong>milr&#39;tes</strong></span> <span class='ocrx_word' id='word_1_139' title='bbox 751 2311 901 2412; x_wconf 67' lang='lat' dir='ltr'><strong>maara,</strong></span> <span class='ocrx_word' id='word_1_140' title='bbox 939 2311 1071 2404; x_wconf 77' lang='lat' dir='ltr'><strong>oblitae,</strong></span> <span class='ocrx_word' id='word_1_141' title='bbox 1108 2310 1178 2386; x_wconf 61' lang='lat' dir='ltr'><strong>m²si</strong></span> <span class='ocrx_word' id='word_1_142' title='bbox 1207 2309 1260 2384; x_wconf 76' lang='lat' dir='ltr'><strong>tic</strong></span> <span class='ocrx_word' id='word_1_143' title='bbox 1284 2310 1467 2386; x_wconf 65' lang='lat' dir='ltr'><strong>Adamas</strong></span> 
     </span>
    </p>
   </div>
   <div class='ocr_carea' id='block_1_3' title="bbox 223 2499 1467 2680">
    <p class='ocr_par' dir='ltr' id='par_1_3' title="bbox 223 2499 1467 2680">
     <span class='ocr_line' id='line_1_19' title="bbox 223 2499 1467 2619; baseline 0 -27"><span class='ocrx_word' id='word_1_144' title='bbox 223 2537 276 2592; x_wconf 80' lang='lat' dir='ltr'><strong>tius</strong></span> <span class='ocrx_word' id='word_1_145' title='bbox 294 2545 366 2592; x_wconf 83' lang='lat' dir='ltr'><strong>certe</strong></span> <span class='ocrx_word' id='word_1_146' title='bbox 376 2499 513 2607; x_wconf 69' lang='lat' dir='ltr'><strong>ru,28,28</strong></span> <span class='ocrx_word' id='word_1_147' title='bbox 531 2542 656 2594; x_wconf 64' lang='lat' dir='ltr'><strong>videtisne</strong></span> <span class='ocrx_word' id='word_1_148' title='bbox 673 2542 829 2595; x_wconf 67' lang='lat' dir='ltr'><strong>adsumam</strong></span> <span class='ocrx_word' id='word_1_149' title='bbox 862 2544 944 2591; x_wconf 75' lang='lat' dir='ltr'><strong>uersus</strong></span> <span class='ocrx_word' id='word_1_150' title='bbox 962 2539 1019 2619; x_wconf 76' lang='lat' dir='ltr'><strong>ipse</strong></span> <span class='ocrx_word' id='word_1_151' title='bbox 1035 2556 1114 2610; x_wconf 73' lang='lat' dir='ltr'><strong>opere</strong></span> <span class='ocrx_word' id='word_1_152' title='bbox 1132 2539 1243 2618; x_wconf 69' lang='lat' dir='ltr'><strong>arbitrio</strong></span> <span class='ocrx_word' id='word_1_153' title='bbox 1258 2539 1389 2618; x_wconf 59' lang='lat' dir='ltr'><strong>uictoriae</strong></span> <span class='ocrx_word' id='word_1_154' title='bbox 1410 2539 1467 2592; x_wconf 79' lang='lat' dir='ltr'><strong>Ad·</strong></span> 
     </span>
     <span class='ocr_line' id='line_1_20' title="bbox 223 2606 1467 2680; baseline 0 -19"><span class='ocrx_word' id='word_1_155' title='bbox 223 2609 262 2661; x_wconf 82' lang='lat' dir='ltr'><strong>ad</strong></span> <span class='ocrx_word' id='word_1_156' title='bbox 277 2609 422 2671; x_wconf 70' lang='lat' dir='ltr'><strong>mendum,</strong></span> <span class='ocrx_word' id='word_1_157' title='bbox 439 2610 468 2662; x_wconf 90' lang='lat' dir='ltr'><strong>et</strong></span> <span class='ocrx_word' id='word_1_158' title='bbox 484 2607 555 2662; x_wconf 80' lang='lat' dir='ltr'><strong>infra</strong></span> <span class='ocrx_word' id='word_1_159' title='bbox 572 2609 650 2663; x_wconf 85' lang='lat' dir='ltr'><strong>huius</strong></span> <span class='ocrx_word' id='word_1_160' title='bbox 668 2609 728 2664; x_wconf 89' lang='lat' dir='ltr'><strong>libri</strong></span> <span class='ocrx_word' id='word_1_161' title='bbox 746 2615 827 2680; x_wconf 76' lang='lat' dir='ltr'><strong>capt</strong></span> <span class='ocrx_word' id='word_1_162' title='bbox 863 2606 915 2659; x_wconf 87' lang='lat' dir='ltr'><strong>hue</strong></span> <span class='ocrx_word' id='word_1_163' title='bbox 930 2606 1037 2676; x_wconf 88' lang='lat' dir='ltr'><strong>qurdem</strong></span> <span class='ocrx_word' id='word_1_164' title='bbox 1054 2608 1205 2661; x_wconf 80' lang='lat' dir='ltr'><strong>emendabo</strong></span> <span class='ocrx_word' id='word_1_165' title='bbox 1222 2606 1407 2661; x_wconf 83' lang='lat' dir='ltr'><strong>looerrdaho</strong></span> <span class='ocrx_word' id='word_1_166' title='bbox 1420 2607 1467 2661; x_wconf 88' lang='lat' dir='ltr'><strong>de·</strong></span> 
     </span>
    </p>
   </div>
   <div class='ocr_carea' id='block_1_4' title="bbox 223 2675 1556 2748">
    <p class='ocr_par' dir='ltr' id='par_1_4' title="bbox 223 2675 1556 2748">
     <span class='ocr_line' id='line_1_21' title="bbox 223 2675 1556 2748; baseline 0.003 -18"><span class='ocrx_word' id='word_1_167' title='bbox 223 2677 262 2730; x_wconf 83' lang='lat' dir='ltr'><strong>ud</strong></span> <span class='ocrx_word' id='word_1_168' title='bbox 282 2676 444 2730; x_wconf 68' lang='lat' dir='ltr'><strong>moriendus</strong></span> <span class='ocrx_word' id='word_1_169' title='bbox 461 2677 617 2731; x_wconf 69' lang='lat' dir='ltr'><strong>mannaan</strong></span> <span class='ocrx_word' id='word_1_170' title='bbox 635 2695 693 2732; x_wconf 80' lang='lat' dir='ltr'><strong>esre</strong></span> <span class='ocrx_word' id='word_1_171' title='bbox 709 2694 830 2748; x_wconf 76' lang='lat' dir='ltr'><strong>caputve·</strong></span> <span class='ocrx_word' id='word_1_172' title='bbox 863 2676 955 2742; x_wconf 84' lang='lat' dir='ltr'><strong>betur,</strong></span> <span class='ocrx_word' id='word_1_173' title='bbox 982 2676 1030 2728; x_wconf 86' lang='lat' dir='ltr'><strong>sed</strong></span> <span class='ocrx_word' id='word_1_174' title='bbox 1053 2675 1124 2729; x_wconf 88' lang='lat' dir='ltr'><strong>aliud</strong></span> <span class='ocrx_word' id='word_1_175' title='bbox 1148 2677 1283 2746; x_wconf 88' lang='lat' dir='ltr'><strong>estquod</strong></span> <span class='ocrx_word' id='word_1_176' title='bbox 1306 2675 1352 2729; x_wconf 87' lang='lat' dir='ltr'><strong>ille</strong></span> <span class='ocrx_word' id='word_1_177' title='bbox 1369 2675 1466 2730; x_wconf 87' lang='lat' dir='ltr'><strong>omisit.</strong></span> <span class='ocrx_word' id='word_1_178' title='bbox 1553 2729 1556 2734; x_wconf 21' lang='grc' dir='ltr'><strong>Δ</strong></span> 
     </span>
    </p>
   </div>
   <div class='ocr_carea' id='block_1_5' title="bbox 224 2742 1472 4528">
    <p class='ocr_par' dir='ltr' id='par_1_5' title="bbox 224 2742 1472 4528">
     <span class='ocr_line' id='line_1_22' title="bbox 224 2742 1468 2826; baseline -0.002 -28"><span class='ocrx_word' id='word_1_179' title='bbox 224 2753 293 2798; x_wconf 73' lang='lat' dir='ltr'><strong>nsit.</strong></span> <span class='ocrx_word' id='word_1_180' title='bbox 329 2743 402 2808; x_wconf 82' lang='lat' dir='ltr'><strong>Quid</strong></span> <span class='ocrx_word' id='word_1_181' title='bbox 423 2753 515 2798; x_wconf 84' lang='lat' dir='ltr'><strong>autem</strong></span> <span class='ocrx_word' id='word_1_182' title='bbox 537 2755 580 2799; x_wconf 88' lang='lat' dir='ltr'><strong>est</strong></span> <span class='ocrx_word' id='word_1_183' title='bbox 602 2746 676 2817; x_wconf 90' lang='lat' dir='ltr'><strong>quod</strong></span> <span class='ocrx_word' id='word_1_184' title='bbox 698 2763 758 2800; x_wconf 90' lang='lat' dir='ltr'><strong>cum</strong></span> <span class='ocrx_word' id='word_1_185' title='bbox 781 2744 829 2798; x_wconf 91' lang='lat' dir='ltr'><strong>illo</strong></span> <span class='ocrx_word' id='word_1_186' title='bbox 863 2742 934 2797; x_wconf 87' lang='lat' dir='ltr'><strong>Nam</strong></span> <span class='ocrx_word' id='word_1_187' title='bbox 952 2760 1011 2797; x_wconf 89' lang='lat' dir='ltr'><strong>oum</strong></span> <span class='ocrx_word' id='word_1_188' title='bbox 1028 2742 1057 2796; x_wconf 91' lang='lat' dir='ltr'><strong>in</strong></span> <span class='ocrx_word' id='word_1_189' title='bbox 1074 2743 1132 2796; x_wconf 87' lang='lat' dir='ltr'><strong>aliis</strong></span> <span class='ocrx_word' id='word_1_190' title='bbox 1150 2743 1223 2796; x_wconf 85' lang='lat' dir='ltr'><strong>libris</strong></span> <span class='ocrx_word' id='word_1_191' title='bbox 1240 2742 1276 2797; x_wconf 87' lang='lat' dir='ltr'><strong>sit</strong></span> <span class='ocrx_word' id='word_1_192' title='bbox 1294 2745 1468 2826; x_wconf 69' lang='lat' dir='ltr'><strong>praecipuos</strong></span> 
     </span>
     <span class='ocr_line' id='line_1_23' title="bbox 225 2809 1466 2934; baseline 0.002 -68"><span class='ocrx_word' id='word_1_193' title='bbox 225 2813 285 2867; x_wconf 90' lang='lat' dir='ltr'><strong>looo</strong></span> <span class='ocrx_word' id='word_1_194' title='bbox 302 2815 342 2866; x_wconf 84' lang='lat' dir='ltr'><strong>od</strong></span> <span class='ocrx_word' id='word_1_195' title='bbox 357 2816 494 2868; x_wconf 83' lang='lat' dir='ltr'><strong>tacendum</strong></span> <span class='ocrx_word' id='word_1_196' title='bbox 503 2813 610 2880; x_wconf 78' lang='lat' dir='ltr'><strong>dixerit,</strong></span> <span class='ocrx_word' id='word_1_197' title='bbox 628 2815 680 2868; x_wconf 88' lang='lat' dir='ltr'><strong>hoo</strong></span> <span class='ocrx_word' id='word_1_198' title='bbox 696 2818 735 2868; x_wconf 86' lang='lat' dir='ltr'><strong>od</strong></span> <span class='ocrx_word' id='word_1_199' title='bbox 750 2815 829 2867; x_wconf 75' lang='lat' dir='ltr'><strong>aileu·</strong></span> <span class='ocrx_word' id='word_1_200' title='bbox 858 2813 954 2934; x_wconf 48' lang='lat' dir='ltr'><strong>{mart</strong></span> <span class='ocrx_word' id='word_1_201' title='bbox 990 2813 1124 2876; x_wconf 83' lang='lat' dir='ltr'><strong>ruemiam,</strong></span> <span class='ocrx_word' id='word_1_202' title='bbox 1142 2809 1273 2865; x_wconf 90' lang='lat' dir='ltr'><strong>omittitur</strong></span> <span class='ocrx_word' id='word_1_203' title='bbox 1280 2829 1429 2882; x_wconf 80' lang='lat' dir='ltr'><strong>pruemtum</strong></span> <span class='ocrx_word' id='word_1_204' title='bbox 1438 2814 1466 2868; x_wconf 90' lang='lat' dir='ltr'><strong>in</strong></span> 
     </span>
     <span class='ocr_line' id='line_1_24' title="bbox 224 2878 1466 2952; baseline 0.002 -17"><span class='ocrx_word' id='word_1_205' title='bbox 224 2884 286 2935; x_wconf 75' lang='lat' dir='ltr'><strong>droa</strong></span> <span class='ocrx_word' id='word_1_206' title='bbox 306 2879 454 2950; x_wconf 71' lang='lat' dir='ltr'><strong>maluerit?</strong></span> <span class='ocrx_word' id='word_1_207' title='bbox 489 2881 622 2936; x_wconf 84' lang='lat' dir='ltr'><strong>Nimirum</strong></span> <span class='ocrx_word' id='word_1_208' title='bbox 650 2883 677 2936; x_wconf 92' lang='lat' dir='ltr'><strong>hi</strong></span> <span class='ocrx_word' id='word_1_209' title='bbox 704 2881 830 2937; x_wconf 82' lang='lat' dir='ltr'><strong>convivae</strong></span> <span class='ocrx_word' id='word_1_210' title='bbox 889 2897 945 2934; x_wconf 88' lang='lat' dir='ltr'><strong>ern.</strong></span> <span class='ocrx_word' id='word_1_211' title='bbox 982 2878 1236 2934; x_wconf 65' lang='lat' dir='ltr'><strong>salonarum:</strong></span> <span class='ocrx_word' id='word_1_212' title='bbox 1259 2890 1339 2952; x_wconf 84' lang='lat' dir='ltr'><strong>atque</strong></span> <span class='ocrx_word' id='word_1_213' title='bbox 1357 2882 1410 2937; x_wconf 90' lang='lat' dir='ltr'><strong>hoo</strong></span> <span class='ocrx_word' id='word_1_214' title='bbox 1426 2882 1466 2937; x_wconf 90' lang='lat' dir='ltr'><strong>lo-</strong></span> 
     </span>
     <span class='ocr_line' id='line_1_25' title="bbox 226 2947 1467 3029; baseline 0.002 -26"><span class='ocrx_word' id='word_1_215' title='bbox 226 2957 306 3003; x_wconf 83' lang='lat' dir='ltr'><strong>sntea</strong></span> <span class='ocrx_word' id='word_1_216' title='bbox 328 2949 410 3004; x_wconf 86' lang='lat' dir='ltr'><strong>locuti</strong></span> <span class='ocrx_word' id='word_1_217' title='bbox 433 2950 554 3018; x_wconf 74' lang='lat' dir='ltr'><strong>luemnt,</strong></span> <span class='ocrx_word' id='word_1_218' title='bbox 581 2951 626 3005; x_wconf 87' lang='lat' dir='ltr'><strong>illa</strong></span> <span class='ocrx_word' id='word_1_219' title='bbox 643 2951 720 3006; x_wconf 88' lang='lat' dir='ltr'><strong>Betis</strong></span> <span class='ocrx_word' id='word_1_220' title='bbox 738 2949 830 3022; x_wconf 85' lang='lat' dir='ltr'><strong>utique</strong></span> <span class='ocrx_word' id='word_1_221' title='bbox 865 2950 963 3029; x_wconf 78' lang='lat' dir='ltr'><strong>quendi</strong></span> <span class='ocrx_word' id='word_1_222' title='bbox 990 2967 1072 3020; x_wconf 86' lang='lat' dir='ltr'><strong>genus</strong></span> <span class='ocrx_word' id='word_1_223' title='bbox 1105 2947 1232 3020; x_wconf 89' lang='lat' dir='ltr'><strong>imprimis</strong></span> <span class='ocrx_word' id='word_1_224' title='bbox 1258 2959 1287 3003; x_wconf 91' lang='lat' dir='ltr'><strong>et</strong></span> <span class='ocrx_word' id='word_1_225' title='bbox 1311 2949 1351 3004; x_wconf 91' lang='lat' dir='ltr'><strong>rei</strong></span> <span class='ocrx_word' id='word_1_226' title='bbox 1376 2958 1467 3022; x_wconf 86' lang='lat' dir='ltr'><strong>aptum</strong></span> 
     </span>
     <span class='ocr_line' id='line_1_26' title="bbox 226 3017 1467 3101; baseline 0.002 -29"><span class='ocrx_word' id='word_1_227' title='bbox 226 3017 417 3100; x_wconf 73' lang='lat' dir='ltr'><strong>tscimrrritstis</strong></span> <span class='ocrx_word' id='word_1_228' title='bbox 430 3017 482 3073; x_wconf 85' lang='lat' dir='ltr'><strong>sibi</strong></span> <span class='ocrx_word' id='word_1_229' title='bbox 499 3019 588 3101; x_wconf 82' lang='lat' dir='ltr'><strong>legem</strong></span> <span class='ocrx_word' id='word_1_230' title='bbox 604 3020 773 3092; x_wconf 82' lang='lat' dir='ltr'><strong>imposuerat</strong></span> <span class='ocrx_word' id='word_1_231' title='bbox 864 3017 970 3098; x_wconf 72' lang='lat' dir='ltr'><strong>ardetur</strong></span> <span class='ocrx_word' id='word_1_232' title='bbox 990 3017 1207 3098; x_wconf 75' lang='lat' dir='ltr'><strong>ethbrariorurn</strong></span> <span class='ocrx_word' id='word_1_233' title='bbox 1230 3033 1305 3072; x_wconf 83' lang='lat' dir='ltr'><strong>oorru</strong></span> <span class='ocrx_word' id='word_1_234' title='bbox 1325 3017 1393 3073; x_wconf 82' lang='lat' dir='ltr'><strong>tioui</strong></span> <span class='ocrx_word' id='word_1_235' title='bbox 1417 3019 1467 3100; x_wconf 72' lang='lat' dir='ltr'><strong>ob-</strong></span> 
     </span>
     <span class='ocr_line' id='line_1_27' title="bbox 227 3087 1468 3235; baseline 0.001 -26"><span class='ocrx_word' id='word_1_236' title='bbox 227 3087 646 3211; x_wconf 64' lang='lat' dir='ltr'><strong>„mutuatur</strong></span> <span class='ocrx_word' id='word_1_237' title='bbox 662 3087 831 3226; x_wconf 61' lang='lat' dir='ltr'><strong>tetta</strong></span> <span class='ocrx_word' id='word_1_238' title='bbox 865 3087 1268 3235; x_wconf 58' lang='lat' dir='ltr'><strong>{renarrantem</strong></span> <span class='ocrx_word' id='word_1_239' title='bbox 1299 3095 1468 3226; x_wconf 60' lang='lat' dir='ltr'><strong>emet</strong></span> 
     </span>
     <span class='ocr_line' id='line_1_28' title="bbox 226 3221 1468 3302; baseline 0.002 -24"><span class='ocrx_word' id='word_1_240' title='bbox 226 3224 274 3278; x_wconf 83' lang='lat' dir='ltr'><strong>sed</strong></span> <span class='ocrx_word' id='word_1_241' title='bbox 290 3221 424 3278; x_wconf 74' lang='lat' dir='ltr'><strong>Fronssfl</strong></span> <span class='ocrx_word' id='word_1_242' title='bbox 467 3225 556 3277; x_wconf 68' lang='lat' dir='ltr'><strong>eruli</strong></span> <span class='ocrx_word' id='word_1_243' title='bbox 572 3227 691 3279; x_wconf 80' lang='lat' dir='ltr'><strong>omnibus</strong></span> <span class='ocrx_word' id='word_1_244' title='bbox 704 3241 831 3295; x_wconf 73' lang='lat' dir='ltr'><strong>promea·</strong></span> <span class='ocrx_word' id='word_1_245' title='bbox 867 3223 1021 3294; x_wconf 85' lang='lat' dir='ltr'><strong>adrequuos</strong></span> <span class='ocrx_word' id='word_1_246' title='bbox 1032 3240 1087 3276; x_wconf 86' lang='lat' dir='ltr'><strong>non</strong></span> <span class='ocrx_word' id='word_1_247' title='bbox 1096 3231 1220 3302; x_wconf 75' lang='lat' dir='ltr'><strong>pertinet,</strong></span> <span class='ocrx_word' id='word_1_248' title='bbox 1231 3241 1347 3293; x_wconf 81' lang='lat' dir='ltr'><strong>spaorum</strong></span> <span class='ocrx_word' id='word_1_249' title='bbox 1356 3232 1398 3277; x_wconf 84' lang='lat' dir='ltr'><strong>eat</strong></span> <span class='ocrx_word' id='word_1_250' title='bbox 1405 3244 1468 3296; x_wconf 91' lang='lat' dir='ltr'><strong>pro-</strong></span> 
     </span>
     <span class='ocr_line' id='line_1_29' title="bbox 227 3289 1468 3363; baseline 0.001 -18"><span class='ocrx_word' id='word_1_251' title='bbox 227 3293 295 3346; x_wconf 83' lang='lat' dir='ltr'><strong>ritas</strong></span> <span class='ocrx_word' id='word_1_252' title='bbox 308 3294 475 3363; x_wconf 73' lang='lat' dir='ltr'><strong>praeserere.</strong></span> <span class='ocrx_word' id='word_1_253' title='bbox 866 3290 1045 3362; x_wconf 85' lang='lat' dir='ltr'><strong>priumnecin</strong></span> <span class='ocrx_word' id='word_1_254' title='bbox 1055 3290 1211 3344; x_wconf 78' lang='lat' dir='ltr'><strong>divisionem</strong></span> <span class='ocrx_word' id='word_1_255' title='bbox 1220 3289 1468 3363; x_wconf 79' lang='lat' dir='ltr'><strong>cadit,quamverbi</strong></span> 
     </span>
     <span class='ocr_line' id='line_1_30' title="bbox 261 3359 1468 3430; baseline 0.001 -16"><span class='ocrx_word' id='word_1_256' title='bbox 261 3363 337 3430; x_wconf 68' lang='lat'><strong>§.82</strong></span> <span class='ocrx_word' id='word_1_257' title='bbox 363 3362 429 3414; x_wconf 75' lang='lat' dir='ltr'><strong>nillil</strong></span> <span class='ocrx_word' id='word_1_258' title='bbox 446 3378 534 3414; x_wconf 83' lang='lat' dir='ltr'><strong>eoram</strong></span> <span class='ocrx_word' id='word_1_259' title='bbox 551 3364 690 3428; x_wconf 80' lang='lat' dir='ltr'><strong>omittente,</strong></span> <span class='ocrx_word' id='word_1_260' title='bbox 708 3361 757 3415; x_wconf 80' lang='lat' dir='ltr'><strong>‘re</strong></span> <span class='ocrx_word' id='word_1_261' title='bbox 774 3377 832 3415; x_wconf 91' lang='lat' dir='ltr'><strong>oum</strong></span> <span class='ocrx_word' id='word_1_262' title='bbox 867 3359 1085 3430; x_wconf 80' lang='lat' dir='ltr'><strong>significationem</strong></span> <span class='ocrx_word' id='word_1_263' title='bbox 1098 3368 1127 3412; x_wconf 84' lang='lat' dir='ltr'><strong>et</strong></span> <span class='ocrx_word' id='word_1_264' title='bbox 1140 3359 1243 3430; x_wconf 87' lang='lat' dir='ltr'><strong>reliqua</strong></span> <span class='ocrx_word' id='word_1_265' title='bbox 1256 3359 1468 3415; x_wconf 83' lang='lat' dir='ltr'><strong>lexicaetDirk·</strong></span> 
     </span>
     <span class='ocr_line' id='line_1_31' title="bbox 228 3428 1470 3500; baseline 0.002 -18"><span class='ocrx_word' id='word_1_266' title='bbox 228 3429 274 3483; x_wconf 88' lang='lat' dir='ltr'><strong>illo</strong></span> <span class='ocrx_word' id='word_1_267' title='bbox 288 3428 354 3482; x_wconf 91' lang='lat' dir='ltr'><strong>nihil</strong></span> <span class='ocrx_word' id='word_1_268' title='bbox 369 3445 544 3500; x_wconf 85' lang='lat' dir='ltr'><strong>eorumquae</strong></span> <span class='ocrx_word' id='word_1_269' title='bbox 559 3429 720 3495; x_wconf 82' lang='lat' dir='ltr'><strong>instituerat,</strong></span> <span class='ocrx_word' id='word_1_270' title='bbox 737 3428 831 3500; x_wconf 87' lang='lat' dir='ltr'><strong>quibus</strong></span> <span class='ocrx_word' id='word_1_271' title='bbox 866 3428 933 3482; x_wconf 88' lang='lat' dir='ltr'><strong>senii</strong></span> <span class='ocrx_word' id='word_1_272' title='bbox 950 3429 1076 3482; x_wconf 83' lang='lat' dir='ltr'><strong>Manuale</strong></span> <span class='ocrx_word' id='word_1_273' title='bbox 1093 3435 1213 3499; x_wconf 77' lang='lat' dir='ltr'><strong>psg.740</strong></span> <span class='ocrx_word' id='word_1_274' title='bbox 1231 3428 1371 3499; x_wconf 83' lang='lat' dir='ltr'><strong>explicant</strong></span> <span class='ocrx_word' id='word_1_275' title='bbox 1393 3430 1470 3485; x_wconf 86' lang='lat' dir='ltr'><strong>Haeo</strong></span> 
     </span>
     <span class='ocr_line' id='line_1_32' title="bbox 228 3496 1468 3569; baseline -0.001 -17"><span class='ocrx_word' id='word_1_276' title='bbox 228 3496 376 3552; x_wconf 79' lang='lat' dir='ltr'><strong>Alexandri</strong></span> <span class='ocrx_word' id='word_1_277' title='bbox 394 3497 484 3550; x_wconf 80' lang='lat' dir='ltr'><strong>laudes</strong></span> <span class='ocrx_word' id='word_1_278' title='bbox 503 3498 659 3565; x_wconf 87' lang='lat' dir='ltr'><strong>obterebat,</strong></span> <span class='ocrx_word' id='word_1_279' title='bbox 686 3497 832 3552; x_wconf 85' lang='lat' dir='ltr'><strong>omitteret.</strong></span> <span class='ocrx_word' id='word_1_280' title='bbox 866 3497 944 3550; x_wconf 81' lang='lat' dir='ltr'><strong>lectio</strong></span> <span class='ocrx_word' id='word_1_281' title='bbox 960 3499 1030 3551; x_wconf 80' lang='lat' dir='ltr'><strong>Aldo</strong></span> <span class='ocrx_word' id='word_1_282' title='bbox 1047 3496 1154 3550; x_wconf 81' lang='lat' dir='ltr'><strong>videtur</strong></span> <span class='ocrx_word' id='word_1_283' title='bbox 1171 3505 1234 3550; x_wconf 85' lang='lat' dir='ltr'><strong>nota</strong></span> <span class='ocrx_word' id='word_1_284' title='bbox 1251 3497 1344 3566; x_wconf 86' lang='lat' dir='ltr'><strong>fuisse,</strong></span> <span class='ocrx_word' id='word_1_285' title='bbox 1367 3498 1413 3569; x_wconf 90' lang='lat' dir='ltr'><strong>qui</strong></span> <span class='ocrx_word' id='word_1_286' title='bbox 1430 3498 1468 3552; x_wconf 89' lang='lat' dir='ltr'><strong>sio</strong></span> 
     </span>
     <span class='ocr_line' id='line_1_33' title="bbox 229 3564 1469 3637; baseline 0 -17"><span class='ocrx_word' id='word_1_287' title='bbox 229 3565 296 3620; x_wconf 85' lang='lat' dir='ltr'><strong>Cum</strong></span> <span class='ocrx_word' id='word_1_288' title='bbox 314 3564 352 3620; x_wconf 86' lang='lat' dir='ltr'><strong>sio</strong></span> <span class='ocrx_word' id='word_1_289' title='bbox 368 3565 431 3621; x_wconf 91' lang='lat' dir='ltr'><strong>olim</strong></span> <span class='ocrx_word' id='word_1_290' title='bbox 448 3581 483 3620; x_wconf 82' lang='lat' dir='ltr'><strong>ex</strong></span> <span class='ocrx_word' id='word_1_291' title='bbox 496 3565 629 3621; x_wconf 72' lang='lat' dir='ltr'><strong>codicibus</strong></span> <span class='ocrx_word' id='word_1_292' title='bbox 639 3565 738 3619; x_wconf 88' lang='lat' dir='ltr'><strong>editum</strong></span> <span class='ocrx_word' id='word_1_293' title='bbox 752 3574 831 3631; x_wconf 89' lang='lat' dir='ltr'><strong>esset,</strong></span> <span class='ocrx_word' id='word_1_294' title='bbox 866 3565 994 3619; x_wconf 85' lang='lat' dir='ltr'><strong>ediderit:</strong></span> <span class='ocrx_word' id='word_1_295' title='bbox 1024 3577 1051 3618; x_wconf 85' lang='lat' dir='ltr'><strong>at</strong></span> <span class='ocrx_word' id='word_1_296' title='bbox 1077 3567 1203 3620; x_wconf 68' lang='lat' dir='ltr'><strong>victoriae</strong></span> <span class='ocrx_word' id='word_1_297' title='bbox 1224 3568 1469 3637; x_wconf 71' lang='lat' dir='ltr'><strong>arbitriroamupr&#39;s</strong></span> 
     </span>
     <span class='ocr_line' id='line_1_34' title="bbox 229 3632 1469 3705; baseline 0 -17"><span class='ocrx_word' id='word_1_298' title='bbox 229 3632 364 3688; x_wconf 70' lang='lat' dir='ltr'><strong>Acidaliae</strong></span> <span class='ocrx_word' id='word_1_299' title='bbox 381 3632 481 3705; x_wconf 84' lang='lat' dir='ltr'><strong>primus</strong></span> <span class='ocrx_word' id='word_1_300' title='bbox 493 3634 613 3688; x_wconf 75' lang='lat' dir='ltr'><strong>correxit</strong></span> <span class='ocrx_word' id='word_1_301' title='bbox 624 3636 692 3688; x_wconf 82' lang='lat' dir='ltr'><strong>ailrr&#39;l</strong></span> <span class='ocrx_word' id='word_1_302' title='bbox 705 3652 734 3688; x_wconf 84' lang='lat' dir='ltr'><strong>eo</strong></span> <span class='ocrx_word' id='word_1_303' title='bbox 745 3637 832 3688; x_wconf 80' lang='lat' dir='ltr'><strong>remit·</strong></span> <span class='ocrx_word' id='word_1_304' title='bbox 899 3637 1032 3704; x_wconf 65' lang='lat' dir='ltr'><strong>oecprmon</strong></span> <span class='ocrx_word' id='word_1_305' title='bbox 1056 3635 1159 3704; x_wconf 82' lang='lat' dir='ltr'><strong>serant.</strong></span> <span class='ocrx_word' id='word_1_306' title='bbox 1203 3634 1293 3688; x_wconf 86' lang='lat' dir='ltr'><strong>lunius</strong></span> <span class='ocrx_word' id='word_1_307' title='bbox 1318 3651 1382 3690; x_wconf 84' lang='lat' dir='ltr'><strong>vero</strong></span> <span class='ocrx_word' id='word_1_308' title='bbox 1409 3653 1469 3689; x_wconf 89' lang='lat' dir='ltr'><strong>eum</strong></span> 
     </span>
     <span class='ocr_line' id='line_1_35' title="bbox 230 3652 1469 3774; baseline 0.001 -17"><span class='ocrx_word' id='word_1_309' title='bbox 230 3713 305 3770; x_wconf 78' lang='lat' dir='ltr'><strong>taus,</strong></span> <span class='ocrx_word' id='word_1_310' title='bbox 324 3719 378 3773; x_wconf 91' lang='lat' dir='ltr'><strong>quo</strong></span> <span class='ocrx_word' id='word_1_311' title='bbox 397 3720 452 3756; x_wconf 87' lang='lat' dir='ltr'><strong>non</strong></span> <span class='ocrx_word' id='word_1_312' title='bbox 469 3702 576 3756; x_wconf 86' lang='lat' dir='ltr'><strong>videtur</strong></span> <span class='ocrx_word' id='word_1_313' title='bbox 593 3721 660 3774; x_wconf 88' lang='lat' dir='ltr'><strong>opus</strong></span> <span class='ocrx_word' id='word_1_314' title='bbox 677 3719 743 3756; x_wconf 85' lang='lat' dir='ltr'><strong>ease.</strong></span> <span class='ocrx_word' id='word_1_315' title='bbox 778 3703 832 3756; x_wconf 86' lang='lat' dir='ltr'><strong>Ve-</strong></span> <span class='ocrx_word' id='word_1_316' title='bbox 863 3652 960 3756; x_wconf 71' lang='lat' dir='ltr'><strong>idodio</strong></span> <span class='ocrx_word' id='word_1_317' title='bbox 987 3703 1135 3756; x_wconf 86' lang='lat' dir='ltr'><strong>dederunt:</strong></span> <span class='ocrx_word' id='word_1_318' title='bbox 1174 3713 1202 3756; x_wconf 85' lang='lat' dir='ltr'><strong>ut</strong></span> <span class='ocrx_word' id='word_1_319' title='bbox 1233 3705 1356 3757; x_wconf 72' lang='lat' dir='ltr'><strong>amtorioe</strong></span> <span class='ocrx_word' id='word_1_320' title='bbox 1383 3706 1469 3758; x_wconf 83' lang='lat' dir='ltr'><strong>maius</strong></span> 
     </span>
     <span class='ocr_line' id='line_1_36' title="bbox 230 3770 1383 3860; baseline 0.001 -36"><span class='ocrx_word' id='word_1_321' title='bbox 230 3778 369 3824; x_wconf 81' lang='lat' dir='ltr'><strong>mutsmerr</strong></span> <span class='ocrx_word' id='word_1_322' title='bbox 386 3770 549 3842; x_wconf 83' lang='lat' dir='ltr'><strong>recentiores</strong></span> <span class='ocrx_word' id='word_1_323' title='bbox 564 3789 656 3826; x_wconf 86' lang='lat' dir='ltr'><strong>ornnes</strong></span> <span class='ocrx_word' id='word_1_324' title='bbox 670 3779 832 3843; x_wconf 86' lang='lat' dir='ltr'><strong>receperunt</strong></span> <span class='ocrx_word' id='word_1_325' title='bbox 862 3775 1009 3840; x_wconf 69' lang='lat' dir='ltr'><strong>praemissu</strong></span> <span class='ocrx_word' id='word_1_326' title='bbox 1021 3772 1125 3860; x_wconf 60' lang='lat' dir='ltr'><strong>Jerant,</strong></span> <span class='ocrx_word' id='word_1_327' title='bbox 1149 3771 1250 3825; x_wconf 84' lang='lat' dir='ltr'><strong>omissis</strong></span> <span class='ocrx_word' id='word_1_328' title='bbox 1266 3770 1315 3825; x_wconf 84' lang='lat' dir='ltr'><strong>reli</strong></span> <span class='ocrx_word' id='word_1_329' title='bbox 1335 3771 1383 3825; x_wconf 86' lang='lat' dir='ltr'><strong>uis.</strong></span> 
     </span>
     <span class='ocr_line' id='line_1_37' title="bbox 265 3790 1470 3911; baseline 0.002 -18"><span class='ocrx_word' id='word_1_330' title='bbox 265 3842 341 3907; x_wconf 60' lang='lat' dir='ltr'><strong>§.tt</strong></span> <span class='ocrx_word' id='word_1_331' title='bbox 368 3849 396 3892; x_wconf 87' lang='lat' dir='ltr'><strong>at</strong></span> <span class='ocrx_word' id='word_1_332' title='bbox 409 3857 466 3893; x_wconf 72' lang='lat' dir='ltr'><strong>trois</strong></span> <span class='ocrx_word' id='word_1_333' title='bbox 482 3841 606 3894; x_wconf 79' lang='lat' dir='ltr'><strong>uictoriae</strong></span> <span class='ocrx_word' id='word_1_334' title='bbox 614 3841 752 3906; x_wconf 69' lang='lat' dir='ltr'><strong>arbitrium</strong></span> <span class='ocrx_word' id='word_1_335' title='bbox 761 3839 833 3910; x_wconf 76' lang='lat' dir='ltr'><strong>opis]</strong></span> <span class='ocrx_word' id='word_1_336' title='bbox 903 3843 978 3908; x_wconf 65' lang='lat' dir='ltr'><strong>§.sb</strong></span> <span class='ocrx_word' id='word_1_337' title='bbox 1013 3841 1176 3908; x_wconf 65' lang='lat' dir='ltr'><strong>taediosum</strong></span> <span class='ocrx_word' id='word_1_338' title='bbox 1194 3790 1335 3911; x_wconf 39' lang='lat' dir='ltr'><strong>rapiemur}</strong></span> <span class='ocrx_word' id='word_1_339' title='bbox 1361 3842 1401 3894; x_wconf 79' lang='lat' dir='ltr'><strong>At</strong></span> <span class='ocrx_word' id='word_1_340' title='bbox 1414 3841 1470 3895; x_wconf 87' lang='lat' dir='ltr'><strong>fue-</strong></span> 
     </span>
     <span class='ocr_line' id='line_1_38' title="bbox 230 3905 1472 3978; baseline 0.002 -17"><span class='ocrx_word' id='word_1_341' title='bbox 230 3905 356 3978; x_wconf 87' lang='lat' dir='ltr'><strong>Pleriquo</strong></span> <span class='ocrx_word' id='word_1_342' title='bbox 378 3906 440 3960; x_wconf 83' lang='lat' dir='ltr'><strong>libri</strong></span> <span class='ocrx_word' id='word_1_343' title='bbox 464 3907 560 3962; x_wconf 84' lang='lat' dir='ltr'><strong>omisso</strong></span> <span class='ocrx_word' id='word_1_344' title='bbox 582 3927 639 3962; x_wconf 75' lang='lat' dir='ltr'><strong>uon</strong></span> <span class='ocrx_word' id='word_1_345' title='bbox 656 3909 741 3962; x_wconf 86' lang='lat' dir='ltr'><strong>solum</strong></span> <span class='ocrx_word' id='word_1_346' title='bbox 759 3907 833 3961; x_wconf 86' lang='lat' dir='ltr'><strong>exhi-</strong></span> <span class='ocrx_word' id='word_1_347' title='bbox 868 3916 911 3962; x_wconf 86' lang='lat' dir='ltr'><strong>rat</strong></span> <span class='ocrx_word' id='word_1_348' title='bbox 933 3909 1093 3972; x_wconf 76' lang='lat' dir='ltr'><strong>Artabazus,</strong></span> <span class='ocrx_word' id='word_1_349' title='bbox 1120 3909 1161 3962; x_wconf 89' lang='lat' dir='ltr'><strong>cui</strong></span> <span class='ocrx_word' id='word_1_350' title='bbox 1189 3909 1329 3962; x_wconf 76' lang='lat' dir='ltr'><strong>succedam</strong></span> <span class='ocrx_word' id='word_1_351' title='bbox 1354 3909 1472 3964; x_wconf 83' lang='lat' dir='ltr'><strong>debebat</strong></span> 
     </span>
     <span class='ocr_line' id='line_1_39' title="bbox 229 3975 1471 4047; baseline 0.002 -17"><span class='ocrx_word' id='word_1_352' title='bbox 229 3976 298 4030; x_wconf 86' lang='lat' dir='ltr'><strong>bont</strong></span> <span class='ocrx_word' id='word_1_353' title='bbox 324 3982 371 4028; x_wconf 89' lang='lat' dir='ltr'><strong>aut</strong></span> <span class='ocrx_word' id='word_1_354' title='bbox 396 3985 425 4028; x_wconf 86' lang='lat' dir='ltr'><strong>ut</strong></span> <span class='ocrx_word' id='word_1_355' title='bbox 450 3983 497 4030; x_wconf 84' lang='lat' dir='ltr'><strong>aut</strong></span> <span class='ocrx_word' id='word_1_356' title='bbox 523 3995 563 4030; x_wconf 83' lang='lat' dir='ltr'><strong>ac.</strong></span> <span class='ocrx_word' id='word_1_357' title='bbox 600 3977 783 4030; x_wconf 82' lang='lat' dir='ltr'><strong>Veruntamen</strong></span> <span class='ocrx_word' id='word_1_358' title='bbox 806 3975 834 4030; x_wconf 90' lang='lat' dir='ltr'><strong>iu</strong></span> <span class='ocrx_word' id='word_1_359' title='bbox 869 3976 963 4043; x_wconf 87' lang='lat' dir='ltr'><strong>Clitus,</strong></span> <span class='ocrx_word' id='word_1_360' title='bbox 988 3975 1187 4031; x_wconf 83' lang='lat' dir='ltr'><strong>Bactrianorum</strong></span> <span class='ocrx_word' id='word_1_361' title='bbox 1204 3976 1306 4047; x_wconf 80' lang='lat' dir='ltr'><strong>regioni</strong></span> <span class='ocrx_word' id='word_1_362' title='bbox 1341 3977 1471 4032; x_wconf 82' lang='lat' dir='ltr'><strong>raefectus</strong></span> 
     </span>
     <span class='ocr_line' id='line_1_40' title="bbox 230 4042 1471 4117; baseline 0.002 -19"><span class='ocrx_word' id='word_1_363' title='bbox 230 4043 335 4098; x_wconf 62' lang='lat' dir='ltr'><strong>mora</strong></span> <span class='ocrx_word' id='word_1_364' title='bbox 351 4055 445 4097; x_wconf 77' lang='lat' dir='ltr'><strong>uteros</strong></span> <span class='ocrx_word' id='word_1_365' title='bbox 461 4042 561 4098; x_wconf 83' lang='lat' dir='ltr'><strong>inGat</strong></span> <span class='ocrx_word' id='word_1_366' title='bbox 574 4055 627 4098; x_wconf 82' lang='lat' dir='ltr'><strong>tura</strong></span> <span class='ocrx_word' id='word_1_367' title='bbox 636 4044 742 4115; x_wconf 84' lang='lat' dir='ltr'><strong>legitur,</strong></span> <span class='ocrx_word' id='word_1_368' title='bbox 761 4046 834 4117; x_wconf 91' lang='lat' dir='ltr'><strong>quod</strong></span> <span class='ocrx_word' id='word_1_369' title='bbox 868 4062 947 4116; x_wconf 81' lang='lat' dir='ltr'><strong>supra</strong></span> <span class='ocrx_word' id='word_1_370' title='bbox 977 4059 1033 4112; x_wconf 84' lang='lat' dir='ltr'><strong>vrr,</strong></span> <span class='ocrx_word' id='word_1_371' title='bbox 1055 4051 1103 4111; x_wconf 81' lang='lat'><strong>20,</strong></span> <span class='ocrx_word' id='word_1_372' title='bbox 1133 4045 1198 4099; x_wconf 86' lang='lat' dir='ltr'><strong>item</strong></span> <span class='ocrx_word' id='word_1_373' title='bbox 1224 4047 1294 4116; x_wconf 83' lang='lat' dir='ltr'><strong>apud</strong></span> <span class='ocrx_word' id='word_1_374' title='bbox 1374 4045 1471 4102; x_wconf 80' lang='lat' dir='ltr'><strong>&#39;snum</strong></span> 
     </span>
     <span class='ocr_line' id='line_1_41' title="bbox 230 4111 1470 4194; baseline 0.003 -28"><span class='ocrx_word' id='word_1_375' title='bbox 230 4111 296 4167; x_wconf 86' lang='lat' dir='ltr'><strong>satis</strong></span> <span class='ocrx_word' id='word_1_376' title='bbox 323 4128 381 4166; x_wconf 85' lang='lat' dir='ltr'><strong>esse</strong></span> <span class='ocrx_word' id='word_1_377' title='bbox 403 4119 508 4183; x_wconf 83' lang='lat' dir='ltr'><strong>potest,</strong></span> <span class='ocrx_word' id='word_1_378' title='bbox 534 4113 580 4166; x_wconf 90' lang='lat' dir='ltr'><strong>ubi</strong></span> <span class='ocrx_word' id='word_1_379' title='bbox 606 4113 659 4166; x_wconf 85' lang='lat' dir='ltr'><strong>alia</strong></span> <span class='ocrx_word' id='word_1_380' title='bbox 685 4113 834 4184; x_wconf 82' lang='lat' dir='ltr'><strong>corrigendi</strong></span> <span class='ocrx_word' id='word_1_381' title='bbox 868 4113 975 4168; x_wconf 79' lang='lat' dir='ltr'><strong>Erravit</strong></span> <span class='ocrx_word' id='word_1_382' title='bbox 1000 4113 1083 4184; x_wconf 83' lang='lat' dir='ltr'><strong>igitur</strong></span> <span class='ocrx_word' id='word_1_383' title='bbox 1106 4113 1212 4168; x_wconf 83' lang='lat' dir='ltr'><strong>Curtius</strong></span> <span class='ocrx_word' id='word_1_384' title='bbox 1241 4115 1382 4194; x_wconf 77' lang='lat' dir='ltr'><strong>estquod</strong></span> <span class='ocrx_word' id='word_1_385' title='bbox 1403 4116 1470 4170; x_wconf 84' lang='lat' dir='ltr'><strong>veri-</strong></span> 
     </span>
     <span class='ocr_line' id='line_1_42' title="bbox 231 4180 1459 4254; baseline 0.002 -19"><span class='ocrx_word' id='word_1_386' title='bbox 231 4181 298 4236; x_wconf 83' lang='lat' dir='ltr'><strong>ratio</strong></span> <span class='ocrx_word' id='word_1_387' title='bbox 308 4189 418 4236; x_wconf 82' lang='lat' dir='ltr'><strong>nonest</strong></span> <span class='ocrx_word' id='word_1_388' title='bbox 440 4180 511 4234; x_wconf 84' lang='lat' dir='ltr'><strong>Nam</strong></span> <span class='ocrx_word' id='word_1_389' title='bbox 520 4183 657 4236; x_wconf 78' lang='lat' dir='ltr'><strong>arbitrium</strong></span> <span class='ocrx_word' id='word_1_390' title='bbox 667 4184 726 4254; x_wconf 78' lang='lat' dir='ltr'><strong>apis</strong></span> <span class='ocrx_word' id='word_1_391' title='bbox 735 4181 835 4253; x_wconf 88' lang='lat' dir='ltr'><strong>optime</strong></span> <span class='ocrx_word' id='word_1_392' title='bbox 868 4181 977 4236; x_wconf 85' lang='lat' dir='ltr'><strong>similius</strong></span> <span class='ocrx_word' id='word_1_393' title='bbox 994 4193 1054 4235; x_wconf 90' lang='lat' dir='ltr'><strong>utra</strong></span> <span class='ocrx_word' id='word_1_394' title='bbox 1074 4199 1108 4235; x_wconf 88' lang='lat' dir='ltr'><strong>ue</strong></span> <span class='ocrx_word' id='word_1_395' title='bbox 1144 4182 1259 4238; x_wconf 80' lang='lat' dir='ltr'><strong>rovincia</strong></span> <span class='ocrx_word' id='word_1_396' title='bbox 1275 4201 1321 4236; x_wconf 90' lang='lat' dir='ltr'><strong>unr</strong></span> <span class='ocrx_word' id='word_1_397' title='bbox 1402 4184 1459 4238; x_wconf 88' lang='lat' dir='ltr'><strong>bat.</strong></span> 
     </span>
     <span class='ocr_line' id='line_1_43' title="bbox 231 4201 1471 4331; baseline 0.003 -29"><span class='ocrx_word' id='word_1_398' title='bbox 231 4247 481 4304; x_wconf 81' lang='lat' dir='ltr'><strong>videtueridrrlius</strong></span> <span class='ocrx_word' id='word_1_399' title='bbox 490 4251 652 4329; x_wconf 79' lang='lat' dir='ltr'><strong>emendasse,</strong></span> <span class='ocrx_word' id='word_1_400' title='bbox 670 4251 834 4306; x_wconf 85' lang='lat' dir='ltr'><strong>cumiumss.</strong></span> <span class='ocrx_word' id='word_1_401' title='bbox 883 4257 975 4319; x_wconf 61' lang='grc'><strong>’9.86.</strong></span> <span class='ocrx_word' id='word_1_402' title='bbox 995 4201 1264 4331; x_wconf 32' lang='lat' dir='ltr'><strong>nisidio-ditantur]</strong></span> <span class='ocrx_word' id='word_1_403' title='bbox 1288 4251 1313 4304; x_wconf 91' lang='lat' dir='ltr'>V</span> <span class='ocrx_word' id='word_1_404' title='bbox 1342 4269 1378 4321; x_wconf 82' lang='lat' dir='ltr'><strong>go</strong></span> <span class='ocrx_word' id='word_1_405' title='bbox 1387 4255 1471 4306; x_wconf 82' lang='lat' dir='ltr'><strong>Atto-</strong></span> 
     </span>
     <span class='ocr_line' id='line_1_44' title="bbox 231 4319 1471 4390; baseline 0.003 -18"><span class='ocrx_word' id='word_1_406' title='bbox 231 4325 343 4372; x_wconf 87' lang='lat' dir='ltr'><strong>essetet</strong></span> <span class='ocrx_word' id='word_1_407' title='bbox 357 4319 482 4372; x_wconf 87' lang='lat' dir='ltr'><strong>ederetur</strong></span> <span class='ocrx_word' id='word_1_408' title='bbox 497 4319 561 4374; x_wconf 89' lang='lat' dir='ltr'><strong>olrm</strong></span> <span class='ocrx_word' id='word_1_409' title='bbox 579 4323 718 4374; x_wconf 80' lang='lat' dir='ltr'><strong>arbitrium</strong></span> <span class='ocrx_word' id='word_1_410' title='bbox 735 4321 835 4388; x_wconf 74' lang='lat' dir='ltr'><strong>moqis5</strong></span> <span class='ocrx_word' id='word_1_411' title='bbox 868 4321 940 4386; x_wconf 79' lang='lat' dir='ltr'><strong>rius,</strong></span> <span class='ocrx_word' id='word_1_412' title='bbox 967 4321 1012 4374; x_wconf 84' lang='lat' dir='ltr'><strong>sod</strong></span> <span class='ocrx_word' id='word_1_413' title='bbox 1030 4320 1128 4389; x_wconf 91' lang='lat' dir='ltr'><strong>duphcr</strong></span> <span class='ocrx_word' id='word_1_414' title='bbox 1146 4339 1161 4372; x_wconf 90' lang='lat' dir='ltr'><strong>r</strong></span> <span class='ocrx_word' id='word_1_415' title='bbox 1178 4329 1304 4390; x_wconf 80' lang='lat' dir='ltr'><strong>scriptum</strong></span> <span class='ocrx_word' id='word_1_416' title='bbox 1326 4337 1422 4374; x_wconf 87' lang='lat' dir='ltr'><strong>nomon</strong></span> <span class='ocrx_word' id='word_1_417' title='bbox 1443 4322 1471 4376; x_wconf 91' lang='lat' dir='ltr'><strong>in</strong></span> 
     </span>
     <span class='ocr_line' id='line_1_45' title="bbox 231 4385 1468 4467; baseline 0.002 -27"><span class='ocrx_word' id='word_1_418' title='bbox 231 4385 296 4459; x_wconf 89' lang='lat' dir='ltr'><strong>quin</strong></span> <span class='ocrx_word' id='word_1_419' title='bbox 318 4385 386 4440; x_wconf 92' lang='lat' dir='ltr'><strong>illud</strong></span> <span class='ocrx_word' id='word_1_420' title='bbox 412 4385 499 4467; x_wconf 87' lang='lat' dir='ltr'><strong>ipsum</strong></span> <span class='ocrx_word' id='word_1_421' title='bbox 522 4387 550 4442; x_wconf 92' lang='lat' dir='ltr'><strong>in</strong></span> <span class='ocrx_word' id='word_1_422' title='bbox 572 4390 651 4443; x_wconf 81' lang='lat' dir='ltr'><strong>llern.</strong></span> <span class='ocrx_word' id='word_1_423' title='bbox 671 4391 698 4441; x_wconf 80' lang='lat' dir='ltr'>A</span> <span class='ocrx_word' id='word_1_424' title='bbox 720 4387 791 4442; x_wconf 83' lang='lat' dir='ltr'><strong>Flor.</strong></span> <span class='ocrx_word' id='word_1_425' title='bbox 808 4389 835 4441; x_wconf 79' lang='lat' dir='ltr'>A</span> <span class='ocrx_word' id='word_1_426' title='bbox 868 4387 943 4442; x_wconf 86' lang='lat' dir='ltr'><strong>Leid.</strong></span> <span class='ocrx_word' id='word_1_427' title='bbox 957 4389 1035 4442; x_wconf 83' lang='lat' dir='ltr'><strong>Voss.</strong></span> <span class='ocrx_word' id='word_1_428' title='bbox 1054 4395 1064 4440; x_wconf 94' lang='lat' dir='ltr'><strong>l</strong></span> <span class='ocrx_word' id='word_1_429' title='bbox 1086 4388 1204 4441; x_wconf 83' lang='lat' dir='ltr'><strong>BernA</strong></span> <span class='ocrx_word' id='word_1_430' title='bbox 1226 4389 1292 4443; x_wconf 84' lang='lat' dir='ltr'><strong>siout</strong></span> <span class='ocrx_word' id='word_1_431' title='bbox 1313 4388 1394 4442; x_wconf 84' lang='lat' dir='ltr'><strong>etiarn</strong></span> <span class='ocrx_word' id='word_1_432' title='bbox 1411 4399 1468 4455; x_wconf 83' lang='grc' dir='ltr'><strong>ν,7</strong></span> 
     </span>
     <span class='ocr_line' id='line_1_46' title="bbox 232 4454 1470 4528; baseline 0.004 -20"><span class='ocrx_word' id='word_1_433' title='bbox 232 4463 317 4512; x_wconf 84' lang='lat' dir='ltr'><strong>extat.</strong></span> <span class='ocrx_word' id='word_1_434' title='bbox 353 4454 399 4511; x_wconf 85' lang='lat' dir='ltr'><strong>Sic</strong></span> <span class='ocrx_word' id='word_1_435' title='bbox 414 4455 461 4510; x_wconf 91' lang='lat' dir='ltr'><strong>hb.</strong></span> <span class='ocrx_word' id='word_1_436' title='bbox 475 4465 546 4525; x_wconf 80' lang='lat' dir='ltr'><strong>vr,8</strong></span> <span class='ocrx_word' id='word_1_437' title='bbox 572 4459 711 4526; x_wconf 80' lang='lat' dir='ltr'><strong>Antipater</strong></span> <span class='ocrx_word' id='word_1_438' title='bbox 728 4475 780 4510; x_wconf 83' lang='lat' dir='ltr'><strong>aon</strong></span> <span class='ocrx_word' id='word_1_439' title='bbox 797 4465 835 4510; x_wconf 81' lang='lat' dir='ltr'><strong>est</strong></span> <span class='ocrx_word' id='word_1_440' title='bbox 869 4455 1053 4528; x_wconf 73' lang='lat' dir='ltr'><strong>expressimus</strong></span> <span class='ocrx_word' id='word_1_441' title='bbox 1089 4456 1234 4523; x_wconf 61' lang='lat' dir='ltr'><strong>Cirntl.</strong></span> <span class='ocrx_word' id='word_1_442' title='bbox 1268 4457 1384 4512; x_wconf 79' lang='lat' dir='ltr'><strong>Elibris</strong></span> <span class='ocrx_word' id='word_1_443' title='bbox 1398 4457 1470 4513; x_wconf 87' lang='lat' dir='ltr'><strong>Flor.</strong></span> 
     </span>
    </p>
   </div>
   <div class='ocr_carea' id='block_1_6' title="bbox 0 0 1689 5050">
    <p class='ocr_par' dir='ltr' id='par_1_6' title="bbox 0 0 1689 5050">
     <span class='ocr_line' id='line_1_47' title="bbox 0 0 1689 5050; baseline 0 0"><span class='ocrx_word' id='word_1_444' title='bbox 0 0 1689 5050; x_wconf 95' lang='lat' dir='ltr'><strong> </strong></span> 
     </span>
    </p>
   </div>
  </div>
 </body>
</html>
