3260 5042
225 327 275 400 20
690 337 725 400 Q.
744 336 876 388 ounrn
902 334 987 386 num
1046 349 1048 352 ·

224 547 368 623 quoque
395 545 539 618 specus,
571 531 608 594 et
634 517 823 618 Corycium
848 541 993 604 nemus,
1028 513 1090 586 ubi
1122 537 1267 585 crocum
1298 512 1468 610 gignitur,

224 642 426 726 ceteraque,
452 629 490 704 in
515 631 643 728 quibus
668 631 756 702 nihil
780 639 922 726 praeter
947 627 1080 696 famam
1106 621 1310 693 duraverat

177 745 223 816 11
329 739 538 814 Alexander
563 741 682 812 fauces
708 738 790 830 iugi,
817 759 908 829 quae
925 731 1038 828 Pylae
1055 731 1292 825 appellantur,
1309 731 1469 801 intravit
1491 743 1523 788 11

227 849 499 950 Contemplatus
524 851 685 920 loconim
709 846 827 932 situm,
849 867 922 914 non
948 841 1036 911 alias
1061 837 1175 934 magis
1202 836 1332 908 dicitur
1358 839 1470 910 admi·

226 973 327 1037 ratus
354 986 432 1035 esse
459 957 663 1029 felicitatem
688 978 804 1026 suam:
836 951 940 1025 obrui
965 949 1125 1048 potuisse
1151 949 1211 1020 vel
1236 948 1334 1019 saxis
1362 949 1469 1028 confi·

226 1075 383 1158 tebatur,
409 1069 440 1138 si
465 1066 624 1154 fuissent,
651 1065 710 1161 qui
736 1064 774 1136 in
799 1065 993 1136 subeuntes
1020 1061 1272 1156 propellerent
1306 1056 1379 1130 Iter
1405 1057 1471 1127 vix
1492 1074 1527 1122 12

229 1191 423 1279 quaternos
449 1173 614 1271 capiebat
638 1185 810 1248 armatos:
837 1172 985 1247 dorsum
1009 1169 1141 1242 montis
1155 1167 1470 1256 imminebatviae,

228 1313 303 1363 non
342 1294 516 1381 angustae
550 1283 674 1376 modo,
713 1283 778 1358 sed
814 1285 1024 1383 plenumque
1062 1287 1294 1378 praeruptae,
1336 1277 1471 1349 crebris

230 1394 481 1470 oberrantibus
507 1396 603 1488 rivis,
622 1397 683 1492 qui
709 1421 756 1468 ex
772 1393 958 1467 radicibus
984 1391 1160 1462 montium
1172 1396 1331 1460 manant
1359 1385 1530 1460 Thra1a

229 1529 291 1580 cas
316 1514 439 1577 tamen
464 1506 591 1579 leviter
616 1513 773 1579 armatos
797 1499 1012 1600 praeoedere
1047 1500 1215 1587 iusserat,
1248 1497 1473 1592 scrutarique

231 1617 348 1706 eadee,
373 1640 421 1688 ne
447 1617 607 1688 occultus
633 1613 746 1687 hostis
770 1613 808 1684 in
834 1611 1029 1684 subeuntes
1055 1611 1269 1705 erumperet
1318 1604 1473 1704 Sagitta·

230 1725 366 1798 riorum
400 1748 542 1820 quoque
578 1747 704 1794 manus
739 1730 976 1820 occupaverat
1007 1721 1147 1816 iugum:
1182 1717 1341 1790 intentos
1368 1739 1473 1788 arcus

231 1835 424 1924 habebant,
450 1834 586 1922 moniti,
613 1857 685 1906 non
711 1833 780 1905 iter
804 1832 902 1928 ipsos
927 1831 1035 1920 inire,
1063 1828 1128 1900 sed
1153 1829 1339 1924 proelium.
1392 1823 1473 1899 Hoc
1494 1846 1536 1893 14

232 1940 341 2016 modo
368 1967 498 2040 agmen
524 1944 689 2040 pervenit
713 1940 761 2015 ad
785 1941 911 2015 urbem
936 1939 1091 2030 Tarson,
1118 1937 1181 2010 ¹cui
1212 1947 1291 2008 tum
1316 1937 1474 2010 maxime

136 2094 140 2104 ·
232 2051 366 2127 Persae
398 2052 633 2125 subiiciebant
663 2054 798 2150 ignem,
832 2076 878 2125 ne
909 2052 1121 2149 opulentum
1152 2045 1326 2145 oppidum
1359 2045 1475 2120 hostis
1573 2089 1580 2097 -

232 2161 432 2235 invaderet
482 2161 536 2236 At
560 2163 634 2252 ille,
665 2161 898 2235 Parmenione
932 2159 981 2233 ad
1012 2156 1247 2232 inhibendum
1270 2155 1476 2228 incendium
1496 2169 1537 2218 1⁵

234 2297 318 2346 cum
343 2271 515 2370 expedita
539 2297 648 2344 manu
672 2274 877 2370 praemisso,
896 2279 1089 2369 postquam
1112 2268 1287 2342 barbaros
1314 2265 1477 2340 adventii

169 2429 171 2434 ·
235 2405 383 2454 suorum
416 2381 561 2479 fingatos
596 2406 673 2456 esse
712 2379 896 2478 cognovit,
935 2379 1063 2454 urbem
1096 2403 1120 2452 a
1150 2401 1191 2451 se
1225 2389 1477 2452 conservatam

234 2492 355 2564 intrat.

187 2597 234 2668 12
339 2599 497 2675 Mediam
517 2599 664 2702 Cydnus
690 2601 814 2692 amnis,
834 2599 880 2673 de
905 2625 977 2696 quo
1003 2601 1110 2698 paulo
1136 2611 1221 2672 ante
1249 2598 1385 2672 dictum
1411 2605 1479 2685 est,
1495 2608 1524 2654 V

236 2834 253 2870 a
271 2816 396 2871 Cilicibus
413 2833 448 2869 ex
465 2815 656 2885 sgroTroiano
674 2816 762 2870 eiectis
780 2833 841 2870 oon·
875 2823 927 2868 tur.
970 2813 1067 2884 Itaque
1082 2813 1227 2867 rectissime
1244 2797 1343 2868 sectum
1369 2819 1435 2882 puto
1452 2811 1481 2864 in

237 2884 306 2949 ditas
331 2883 424 2950 tradit,
451 2892 559 2937 auctore
585 2902 645 2937 usus
673 2884 840 2938 Callisthene
874 2882 972 2936 Aldina
989 2891 1021 2935 ut
1040 2885 1067 2936 in
1085 2900 1147 2952 prae
1196 2881 1243 2935 itio
1261 2881 1434 2946 adficeretur,
1451 2887 1482 2932 et

236 2953 282 3006 De
307 2951 446 3021 Typhonis
468 2968 548 3030 specu
577 2951 711 3022 pestilenti
734 2953 766 3005 ci.
782 2953 842 3005 Me-
874 2968 922 3022 per
930 2950 1084 3004 Medianum
1101 2961 1129 3002 et
1143 2900 1262 3004 ἔξω.
1280 2957 1481 3028 propagaretur.

237 3019 294 3094 lam¹
306 3034 328 3084 1,
345 3025 385 3088 18,
421 3017 562 3087 Corycium
579 3037 668 3073 nemas
686 3021 757 3090 quod
774 3020 841 3074 Cirr·
908 3021 932 3086 5.
957 3025 996 3073 te.
1031 3020 1123 3072 moniti
1147 3035 1201 3070 noo
1226 3023 1275 3070 tter
1300 3019 1373 3085 ι’ριοε
1399 3017 1481 3085 aare]

237 3087 291 3140 tius
308 3085 390 3152 dicit,
418 3085 472 3138 ἄνι
491 3107 526 3138 ον
543 3088 692 3156 Κωρύκιον
709 3097 750 3140 cst
771 3088 841 3158 apud
874 3085 945 3139 Flor.
964 3085 1022 3139 BE
1043 3095 1073 3139 et
1094 3086 1121 3140 in
1145 3103 1227 3164 marg.
1246 3085 1271 3137 D
1290 3087 1414 3137 retinen
1432 3085 1483 3136 iter

238 3155 312 3220 alios,
329 3153 402 3206 locus
410 3153 465 3206 alte
472 3108 618 3224 depressus,
632 3155 760 3208 umbrosis
768 3173 840 3209 mon·
874 3164 935 3220 oet,
953 3162 985 3206 ut
1001 3172 1035 3206 en
1052 3153 1115 3207 olins
1132 3153 1233 3206 collatis
1243 3152 1300 3205 Pal.
1312 3161 1335 3205 1.
1353 3151 1396 3206 De
1405 3152 1483 3206 Voss.

238 3222 310 3275 tibus
328 3221 504 3274 circumdatus
521 3229 550 3274 et
567 3239 643 3276 croco
653 3223 766 3276 obsitus:
783 3223 843 3276 vide
879 3229 892 3274 1
911 3231 940 3274 et
960 3219 1035 3274 Leid
1058 3221 1123 3274 nihil
1146 3222 1217 3292 apud
1239 3219 1483 3290 snakenburgium.

239 3289 327 3342 Strab.
346 3289 398 3341 l.l
423 3309 448 3360 p.
467 3295 518 3342 670
536 3307 574 3359 sq.
619 3290 729 3359 Sporum
755 3299 843 3343 tamen
877 3289 971 3358 Itaque
989 3299 1092 3342 muare
1109 3289 1191 3354 nolui,
1209 3307 1269 3342 cum
1287 3288 1403 3357 alioquin
1421 3305 1485 3357 pru-

240 3357 361 3426 Coryoon
378 3357 460 3409 etiam
468 3356 570 3410 Plinius
587 3359 702 3428 appellat
719 3366 772 3412 nst.
782 3359 842 3412 hist.
877 3359 942 3410 dens
959 3357 1025 3410 illud
1042 3357 1177 3411 eonsilium
1186 3365 1249 3435 apte
1259 3358 1293 3409 ad
1301 3356 1486 3408 Alexandrum

240 3439 270 3491 v,
289 3442 311 3477 c
329 3431 360 3477 27
383 3427 479 3492 (Μῖ).
877 3426 1013 3478 referatur.
1057 3426 1082 3478 Ε
1104 3435 1266 3478 correctione
1292 3425 1350 3478 eod.
1368 3423 1440 3477 Flor.
1459 3421 1486 3476 G

274 3491 315 3546 Ca
333 3531 340 3544 .
361 3499 403 3558 11,
422 3495 446 3560 ξ.
460 3499 499 3554 1,1.
528 3495 711 3561 contenplans
730 3495 843 3546 leronem
878 3494 959 3546 habet
980 3495 1074 3546 inituri
1095 3511 1147 3546 non
1169 3496 1219 3546 iter
1242 3494 1328 3561 lyaeum
1346 3495 1395 3545 sed
1406 3507 1486 3561 proe-

240 3511 333 3630 sitaml
369 3561 455 3612 saum
473 3575 564 3639 omnes
581 3577 640 3614 mss.
659 3560 756 3627 nostri,
778 3561 843 3614 editi
878 3563 949 3614 lium.
984 3561 1065 3614 Bern.
1082 3561 1107 3612 B
1125 3568 1154 3613 et
1171 3561 1243 3613 Flor.
1261 3561 1290 3612 H
1307 3560 1335 3613 in
1353 3559 1486 3630 pravitate

242 3633 360 3706 (praeter
376 3627 465 3695 Mod.)
484 3637 560 3680 astos.
878 3630 932 3682 lere
950 3629 1138 3683 concordantes
1161 3647 1213 3682 aaa
1231 3631 1299 3681 inter
1316 3629 1388 3696 ipsos
1407 3629 1486 3690 taire,

275 3713 320 3764 qm
338 3713 367 3746 sn
384 3696 521 3748 subeuntes
536 3697 723 3765 propellerent]
761 3695 844 3749 Codd.
879 3705 937 3749 tum
954 3697 998 3749 ille
1015 3715 1052 3763 se,
1072 3697 1114 3749 hic
1131 3700 1186 3750 sed.
1203 3697 1321 3750 BernA
1340 3698 1422 3748 iniret
1441 3697 1488 3762 (ed

242 3761 362 3833 plerique
379 3778 443 3830 prae
492 3761 574 3815 itione
595 3763 690 3842 omissa
715 3765 760 3831 qai
785 3766 845 3816 sust·
879 3781 957 3834 supra
974 3763 1071 3843 lineam
1088 3765 1212 3834 expletur
1229 3783 1245 3818 a
1261 3782 1343 3817 manu
1360 3767 1487 3842 recent„

243 3840 553 3958 tttttssft‘al‘s
572 3832 846 3979 ttttt‘ttt‘tt'}
880 3832 949 3967 ¹²⁸3?
950 3831 1178 3954 1l²¹ttfttt
1192 3833 1489 3970 ἕέεέἓέἔξῖἷῖᾝὲ

243 3965 579 4086 ἷῖξὶιεῷεηεἏΒθτη.ιΒιιᾳιῖι
596 3969 847 4088 piabtagtesprocpsl-
882 3969 991 4020 tandum
1017 3977 1083 4038 puto
1099 3980 1247 4049 tanc-ntor.
1266 3966 1487 4090 ipffldegpgi?

246 4071 370 4221 ppixoorpm
383 4051 850 4222 qlibianiemupulppgdlpllficreetindiidmff
883 4038 1274 4170 Ξεῗυῖἥτοεὲἕΐιᾚῖαῖιξᾳιὲ
1292 4075 1413 4184 omnibus
1430 4038 1489 4172 quii

244 4179 849 4318 asiseli„2lffilaitalalllplllsl}
884 4173 1214 4306 ltfitffpsfflffll‘·
1239 4171 1490 4282 Gest‚v1desupra

244 4305 380 4383 ut'sostos·
396 4310 637 4386 commendarent:
655 4306 850 4386 hommestvero
900 4307 985 4386 Cap.
1006 4314 1047 4372 12,
1066 4313 1091 4374 3.
1112 4316 1134 4362 1.
1156 4308 1262 4377 Cydnus
1282 4313 1369 4363 cernuis
1402 4310 1489 4364 Omit-

244 4379 326 4427 etlam
347 4372 399 4427 alio
413 4390 513 4445 nuens
538 4375 615 4428 modo
628 4377 743 4445 propelli
760 4377 849 4430 ‹heun-
885 4383 952 4429 titur
969 4375 1125 4430 vocabulum
1142 4377 1225 4431 amnis
1243 4379 1271 4432 in
1288 4378 1360 4432 Flor.
1405 4419 1412 4433 .
