3300 5044
199 347 274 417 490
505 443 507 447 Ι
684 357 717 420 o.
743 357 867 409 curru
883 359 968 410 num

199 541 298 641 Cyro.
351 541 442 614 Hine
467 541 525 615 ida
550 541 729 642 imquitas
754 543 791 617 ia
816 556 853 634 te,
879 557 924 634 ut,
950 543 1041 644 quod
1065 543 1201 643 impune
1226 545 1343 619 labae
1368 569 1441 618 aaa
1458 561 1494 610 ³⁵

194 664 326 750 poterut
354 649 504 746 Oreum,
536 655 690 729 dermndo
714 655 812 728 etium
834 655 985 754 yrutmm
1018 655 1126 728 iniret.
1181 653 1440 727 Concitaverat
1458 672 1493 720 sc

197 764 268 835 iam
294 765 448 836 animum
474 766 510 838 in
536 767 644 838 iram:
672 791 753 839 oum
778 767 824 854 hi,
852 766 981 860 quibus
999 766 1183 860 negotium
1209 763 1304 836 idem
1328 765 1438 836 dede·

196 883 263 964 rat,
290 877 554 974 superveniunt
601 875 693 948 Hinc
717 875 867 970 Bagoas,
895 875 977 946 hinc
1004 875 1050 947 ab
1078 899 1121 945 eo
1148 875 1345 964 subornati,
1371 877 1438 948 fal·

196 987 245 1059 sis
271 988 474 1060 criminibus
502 995 677 1080 occupant
703 1008 816 1055 aures.
875 984 1081 1080 Antequam
1110 987 1271 1058 accusari
1308 1011 1348 1059 se
1375 1011 1436 1058 su·
1456 1007 1492 1053 sr

197 1099 394 1195 spicaretur
421 1092 577 1181 Orsines,
607 1093 643 1164 in
670 1094 811 1167 vincula
836 1101 893 1165 est
918 1091 1081 1166 traditus.
1135 1092 1217 1166 Non
1243 1108 1438 1170 contentus

196 1208 369 1304 supplicio
383 1203 532 1277 insontis
555 1201 677 1299 spado,
705 1204 780 1300 ipse
793 1205 966 1277 morituro
985 1227 1131 1276 manum
1143 1204 1268 1278 iniecit
1314 1203 1437 1294 Quem

198 1313 344 1389 Orsines
379 1316 556 1402 intuens,
576 1314 777 1404 Audieram,
812 1315 942 1411 inquit,
977 1315 1014 1388 ia
1044 1315 1134 1388 Aria
1166 1315 1245 1390 olim
1277 1343 1438 1416 reynasse

185 1426 356 1528 semina,
390 1425 449 1498 hoc
481 1447 558 1498 vero
582 1449 704 1498 aevum
738 1439 797 1517 est,
836 1451 977 1525 reynero
1011 1427 1212 1499 casuum!
1263 1425 1332 1499 Hic
1364 1429 1438 1502 fuit
1455 1451 1495 1498 ss

196 1537 315 1612 exitus
341 1535 549 1609 nobilissimi
562 1533 761 1625 Persarum,
786 1561 853 1610 nec
879 1537 1030 1610 insontis
1048 1534 1167 1624 modo,
1194 1535 1260 1609 sed
1281 1537 1436 1611 eximiae

98 1727 110 1752 ι
197 1648 337 1745 quoque
362 1644 591 1744 benignitatis
617 1646 653 1718 in
679 1671 809 1744 regem.
860 1644 999 1718 Eodem
1032 1655 1195 1744 tempore
1221 1645 1435 1740 Phradates,
1454 1667 1495 1717 ss

195 1783 345 1858 regnum
371 1759 558 1832 affectasse
583 1767 778 1853 suspectus,
804 1755 987 1830 occiditur.
1028 1753 1207 1854 Coeperat
1232 1781 1311 1832 esse
1331 1783 1437 1856 prae·

196 1895 280 1967 ceps
315 1868 361 1940 ad
387 1865 688 1964 repraesentanda
720 1867 911 1966 supplicia,
945 1867 1031 1940 item
1064 1865 1111 1940 ad
1144 1865 1324 1942 deteriora
1357 1893 1435 1942 cre·

197 1975 323 2054 denda.
382 1975 524 2052 Scilicet
557 2001 614 2050 res
648 1977 825 2051 secundae
858 1979 984 2052 velent
1009 1989 1230 2052 commutare
1255 1989 1436 2070 naturam,
1454 2000 1498 2046 so

195 2099 233 2163 et
258 2113 341 2162 raro
367 2087 554 2187 quisqubm
588 2112 673 2185 erga
698 2087 794 2160 bona
828 2112 894 2162 sua
928 2089 1015 2162 satis
1051 2099 1179 2162 cautus
1214 2100 1279 2166 est
1331 2087 1437 2162 Idem

194 2201 288 2274 enirn
313 2200 421 2299 paulo
452 2207 537 2271 aute
558 2196 758 2296 Lyncesten
782 2197 1032 2272 Alexandrum
1058 2195 1219 2273 delatum
1242 2225 1266 2273 a
1290 2196 1435 2274 duobus

194 2309 368 2384 indicibus
397 2309 568 2383 damnare
592 2333 666 2382 non
691 2309 924 2400 sustinuerat,
950 2309 1156 2384 humiliores
1183 2335 1325 2408 quoque
1349 2335 1435 2384 reos
1452 2331 1493 2378 ιι

194 2429 321 2494 contra
347 2444 448 2495 suam
474 2419 712 2511 voluntatem,
747 2421 831 2517 quio
856 2421 983 2493 ceteris
1017 2419 1237 2494 videbantur
1262 2422 1435 2512 insontes,

194 2555 321 2629 passus
347 2530 501 2620 absolvi3
537 2531 699 2604 hostibus
733 2533 835 2604 vietis
871 2556 984 2628 regna
1015 2529 1242 2605 reddiderat:
1279 2530 1326 2605 ad
1351 2533 1435 2604 ulti·
1455 2555 1495 2600 ⁴2

192 2669 291 2716 mum
316 2667 404 2716 vero
429 2643 481 2716 ita
506 2652 584 2715 tmn
610 2642 655 2715 ab
682 2644 873 2741 semetipso
900 2641 1151 2740 degeneravit,
1186 2654 1236 2731 ut,
1271 2643 1428 2717 invictus

226 2879 249 2946 5.
272 2883 315 2932 89.
348 2879 407 2930 uem
432 2877 471 2929 ud
495 2879 624 2930 deteriora
651 2877 790 2946 eredendo]
825 2875 985 2930 itemPul.1
1006 2875 1120 2930 Beru.B
1138 2876 1303 2947 eddpriuc,
1320 2894 1436 2947 reyooee

191 2945 256 3000 Non
272 2961 368 3000 censeo
386 2943 449 2998 ferri
467 2962 545 3024 posse
556 2944 716 3065 quodvulqo
735 2944 792 2996 edi-
826 2947 932 2999 uberat
949 2945 1064 2998 traditur
1081 2962 1097 2997 a
1115 2943 1197 2999 Suuk.
1220 2945 1356 2999 inventum
1373 2962 1436 2999 esse

191 3021 235 3067 tur
252 3021 281 3068 et
296 3011 325 3066 iu
341 3012 544 3084 mesplensque
562 3013 682 3066 omnihus
706 3013 793 3083 egitur
825 3011 854 3066 in
869 3013 947 3066 Voss.
966 3020 981 3066 2
1000 3021 1029 3066 et
1046 3013 1178 3066 edebatur
1199 3015 1234 3068 sb
1253 3013 1324 3068 Aldo
1342 3017 1371 3067 et
1388 3013 1435 3066 Iu·

190 3085 267 3149 ideoq
296 3081 513 3153 quondoquidem
539 3081 643 3134 Adieot.
662 3099 792 3151 praeceps
826 3080 886 3149 nio,
904 3081 989 3135 donec
1005 3081 1114 3136 Medius
1131 3099 1215 3151 reque
1232 3085 1372 3135 redimerat
1389 3099 1435 3136 re·

81 3149 84 3158 '
191 3150 271 3203 etiam
292 3151 327 3202 sd
349 3149 498 3220 posteriora
520 3151 643 3214 refertur,
666 3167 714 3202 nee
731 3166 793 3202 ceu·
826 3149 939 3204 rocavit.
992 3150 1024 3204 lu
1050 3151 1132 3204 Bern.
1159 3149 1183 3202 A
1214 3149 1343 3204 indicatur
1373 3165 1435 3203 esse

191 3220 286 3272 rebant
302 3217 450 3272 Schefferus
473 3227 501 3270 et
519 3216 651 3270 Heinsius.
686 3219 727 3270 Eu
745 3217 792 3270 tihi
827 3235 910 3287 reyau
937 3221 1062 3286 durant,
1093 3219 1218 3290 idemque
1249 3225 1295 3272 sut
1320 3235 1435 3288 reynure

192 3295 286 3340 auctor
311 3287 342 3339 fit
360 3287 430 3340 Flor.
456 3283 498 3352 G,
534 3287 555 3339 si
587 3283 642 3338 eius
669 3285 793 3356 suffragio
828 3289 940 3339 durant
966 3287 1072 3340 videtur
1097 3287 1125 3340 iu
1149 3287 1225 3342 Leid.
1255 3295 1284 3340 et
1309 3287 1387 3340 Voss.
1408 3295 1433 3355 l,

192 3355 317 3408 utendum
334 3362 418 3424 putus.
828 3353 874 3425 qui
891 3352 1015 3420 silentur,
1035 3355 1171 3408 inventum
1189 3372 1255 3410 esse.

226 3427 249 3492 ς.
267 3430 309 3477 40.
345 3439 407 3476 era
434 3423 502 3475 bono
526 3440 576 3475 sua
629 3423 704 3474 Bona
731 3423 756 3475 h.
775 3423 792 3474 l.
861 3425 885 3490 ς.
903 3429 946 3474 42.
980 3425 1019 3476 ad
1043 3425 1170 3490 ultimum]
1213 3423 1290 3486 Quae
1316 3439 1434 3494 sequun-

192 3491 273 3562 psulo
308 3441 461 3543 insoliutius
495 3505 574 3544 secun
593 3507 635 3542 um
660 3489 792 3544 senonum
826 3488 926 3544 tursio
950 3489 1109 3543 exhibentur
1125 3489 1153 3542 in
1170 3489 1242 3544 Flor.
1258 3493 1299 3544 A:
1317 3495 1355 3545 ud
1369 3493 1432 3546 dti-

191 3567 288 3626 vocat,
311 3558 439 3630 qusquis
462 3558 552 3611 utitur.
587 3557 632 3612 Sic
647 3574 728 3628 supra
744 3557 790 3611 lib.
825 3575 893 3612 um
910 3562 1046 3612 traiectum
1063 3559 1097 3612 oh
1114 3561 1249 3628 semeher
1266 3562 1433 3629 &amauit

143 3671 147 3679 .
192 3642 259 3694 vm,
279 3633 309 3680 16
328 3625 407 3680 dixit:
429 3629 499 3696 reqis
516 3629 600 3680 mbos
621 3628 675 3679 ium
693 3629 792 3696 espidi·
825 3637 853 3679 ot
870 3628 899 3679 ia
917 3630 1047 3697 quoddam
1065 3629 1192 3680 aduersus
1210 3629 1356 3690 tetuinus,
1380 3643 1433 3680 nec

192 3697 290 3750 tutibus
315 3697 371 3748 suis
397 3696 551 3765 imperantis
582 3689 650 3747 intei·
675 3695 793 3764 obseqda
827 3694 967 3748 &madunt
989 3695 1083 3767 reliqui
1109 3695 1158 3748 uisi
1176 3696 1250 3766 quod
1275 3713 1293 3749 a
1387 3697 1433 3759 uh)

186 3765 442 3836 senseresensere
477 3780 538 3816 uam
564 3781 616 3816 nou
633 3765 698 3816 sutis
716 3773 793 3816 eorda
827 3763 928 3817 hahent
943 3763 1015 3818 Flor.
1032 3772 1139 3834 practer
1155 3763 1180 3817 B
1198 3762 1295 3835 reliqui
1336 3779 1392 3816 eru.
1407 3764 1433 3817 B

193 3843 231 3886 est
252 3834 404 3885 curialitas.
467 3829 499 3884 isi
524 3831 576 3884 hoe
593 3831 723 3884 scnoentia
744 3831 793 3885 loci
827 3831 905 3886 Voss.
918 3839 944 3899 2,
962 3839 1019 3886 urm
1033 3849 1086 3952 gro
1104 3848 1136 3886 eo
1154 3832 1226 3902 quod
1243 3841 1286 3884 est
1301 3833 1434 3901 quoddam

193 3902 317 3966 doceret,
341 3901 408 3952 hono
425 3917 482 3954 mea
500 3898 596 3953 Latine
614 3898 793 3971 intelligeren·
827 3898 903 3952 leid.
930 3903 1005 3967 dum,
1058 3915 1114 3952 eru.
1132 3902 1158 3953 A
1219 3917 1234 3953 o
1261 3903 1335 3965 dori,
1361 3899 1435 3953 Flor.

193 3987 239 4023 rur
255 3967 335 4024 animi
352 3967 472 4022 virtutes.
545 3993 549 4000 ·
826 3967 903 4022 ΕΒΗ
920 3969 1001 4022 Beru.
1018 3968 1041 4021 B
1060 3967 1118 4020 Pu.
1138 3976 1150 4021 1
1203 3974 1285 4022 ossi
1310 3969 1433 4038 quodem

228 4041 253 4102 s.
270 4044 312 4090 41.
346 4054 429 4106 reque
447 4039 607 4104 reddiderat}
643 4035 687 4090 Sic
705 4045 800 4088 eursu:
827 4035 900 4090 mor.
910 4036 1002 4090 BDGI
1011 4040 1146 4106 quosdam.
1163 4036 1234 4089 Edit
1245 4035 1435 4106 priucudult.

194 4103 268 4159 davit
301 4103 511 4170 Freinshemius,
540 4104 599 4157 eoll.
631 4104 706 4157 huius
733 4103 793 4156 libri
828 4107 985 4159 traiecturo
1011 4108 1147 4173 seoretipso
1165 4106 1330 4169 deqeaeruoit
1351 4121 1435 4173 usque

194 4191 251 4245 cap.
272 4179 303 4228 18
320 4184 356 4228 tot
372 4191 402 4226 re
419 4191 454 4226 uo
473 4183 519 4226 aut
536 4175 639 4226 redditu
654 4175 746 4242 quibus
763 4191 793 4225 ea
827 4183 855 4226 ut
882 4175 910 4226 ia
935 4177 1047 4244 quodum
1073 4183 1124 4226 oet.
1166 4161 1252 4226 Aldus
1270 4175 1392 4226 aarum
1415 4191 1436 4226 o

195 4243 373 4312 dernpserath
409 4259 435 4306 a,
464 4252 510 4294 out
528 4245 594 4294 dono
621 4245 693 4294 dato.
728 4241 793 4294 Vul-
827 4244 964 4312 senetipsa
990 4243 1155 4310 deqenerooit
1181 4245 1208 4293 in
1230 4243 1356 4310 quordm
1380 4249 1436 4294 cet.

214 4320 258 4363 ats
274 4327 354 4379 reque
372 4313 526 4374 reduxerat,
548 4327 626 4380 quum
643 4310 748 4363 Medius
766 4309 793 4362 in
827 4310 919 4364 Iunius
937 4310 1050 4380 denique
1073 4313 1111 4362 ud
1127 4311 1174 4362 ult.
1192 4327 1210 4362 u
1230 4311 1364 4379 semetipso
1388 4311 1436 4361 de-

195 4329 291 4432 iolen.
308 4395 356 4430 suo
366 4393 422 4429 esse
435 4376 508 4443 dicit,
527 4394 631 4430 sensum
641 4379 792 4430 nonhabet
812 4398 817 4407 ·
825 4382 973 4448 aeaeravit,
991 4397 1072 4447 usqae
1089 4382 1155 4430 adeo
1173 4389 1201 4430 ut
1218 4381 1343 4432 aduersus
1359 4379 1436 4432 libid.

198 4447 284 4502 codd.
294 4445 439 4498 Florentioi
456 4462 546 4498 omncs
555 4461 664 4512 reqaare
677 4449 793 4508 duxerat,
827 4456 879 4500 cet.
907 4447 977 4518 quod
1004 4457 1034 4499 et
1060 4447 1169 4498 hlodius
1188 4445 1290 4516 placide
1316 4445 1379 4500 tulit
1405 4455 1437 4502 et
