3258 5120
183 313 256 388 456
653 328 686 392 or
710 328 833 380 curru
857 329 942 384 nort

183 521 430 608 conspexerat
485 509 591 606 Quid,
622 513 754 612 inquit,
789 515 916 616 produc
940 527 1070 612 tempo
1093 527 1263 613 πρωίας,
1301 525 1334 586 ct
1359 537 1429 587 noa

183 623 1261 723 qnampn‘smntocdobremesacanmonamntcmt
1301 625 1427 698 Antt

181 758 327 822 mesae
353 761 430 809 rcus
454 738 512 827 us,
538 763 614 810 mm
641 734 1200 830 iumohibmclmtsnccqrm'm?
1238 732 1480 806 AtCriton

181 844 290 918 bulus
318 845 462 918 tandem
490 848 548 918 vel
574 847 685 934 finito,
711 848 769 918 vel
794 844 1017 918 dissimulato
1043 855 1151 932 metu,
1176 845 1313 917 hortari
1340 871 1425 917 eum

182 957 317 1054 coepit,
345 967 385 1028 ut
411 979 449 1028 se
476 956 729 1026 continendum
757 956 954 1052 praeberet,
981 951 1067 1024 dum
1093 955 1266 1049 spiculum
1293 955 1425 1026 evelle

181 1077 253 1138 ret:
290 1065 398 1137 etiam
424 1065 540 1135 levem
567 1065 725 1161 corporis
752 1076 890 1138 motum
921 1063 1070 1136 noxium
1096 1063 1181 1136 sore
1232 1061 1314 1134 Rex
1339 1088 1425 1135 cum
1443 1082 1482 1129 ts

182 1177 405 1262 affirmasset,
432 1172 519 1244 nihil
546 1197 636 1270 opus
661 1198 739 1248 esse
765 1175 817 1265 iis,
843 1175 904 1272 qui
929 1183 1044 1248 semet
1069 1173 1302 1260 continerent,
1329 1173 1426 1244 sicut

181 1294 412 1383 praeceptum
439 1295 532 1374 erat,
568 1284 643 1358 sine
669 1295 770 1359 motu
795 1285 961 1385 praebuit
993 1307 1132 1382 corpus.
1184 1281 1297 1380 Igitur
1323 1293 1425 1379 pate

183 1396 279 1467 facto
306 1395 411 1468 latius
438 1395 597 1486 vulnere,
624 1408 661 1468 et
687 1396 822 1494 spiculo
848 1396 983 1486 evolso,
1009 1397 1134 1494 ingens
1159 1396 1216 1468 vis
1237 1393 1424 1490 sanguinis

181 1505 328 1578 manare
354 1506 488 1603 coepit,
526 1507 707 1603 linquique
733 1506 851 1578 animo
877 1530 960 1594 rex,
995 1517 1034 1578 et
1058 1505 1207 1604 caligine
1232 1505 1345 1578 oculis
1370 1505 1426 1578 os·

182 1615 277 1706 fusa,
309 1615 421 1690 veluti
447 1615 680 1688 moribundus
713 1616 869 1692 extendi
922 1613 1083 1712 Cumque
1107 1616 1324 1712 profluvium
1349 1641 1425 1689 me·
1442 1635 1481 1684 ra

182 1726 391 1800 dicementis
417 1726 552 1797 frustra
576 1725 792 1816 inhiberent,
825 1727 960 1799 clamor
985 1726 1091 1798 simul
1125 1737 1233 1823 atque
1258 1726 1425 1824 ploratus

182 1837 379 1910 amicorum
409 1835 540 1924 oritur,
578 1860 700 1932 regem
738 1838 922 1936 expirasse
961 1835 1193 1909 credentium
1257 1835 1425 1910 Tandem

181 1944 342 2020 constitit
366 1945 528 2042 sanguis,
568 1947 808 2045 paulatimque
839 1947 999 2022 animmn
1023 1949 1172 2045 recepit,
1211 1957 1249 2020 et
1273 1947 1425 2018 circum·

181 2067 319 2130 stantes
345 2056 464 2154 coepit
489 2081 692 2154 agnoscere.
750 2057 843 2134 Toto
870 2083 914 2132 eo
940 2057 999 2132 die
1025 2081 1068 2129 ac
1092 2067 1214 2147 nocte,
1249 2081 1341 2156 quae
1367 2081 1425 2130 se-
1443 2078 1480 2126 ao

181 2177 266 2242 cute
309 2176 384 2258 est,
428 2179 588 2242 armatus
628 2169 805 2246 exercitus
850 2170 986 2268 regiam
1030 2166 1185 2270 obsedit,
1236 2169 1425 2242 consessus

181 2303 305 2352 omnes
331 2279 436 2353 unius
462 2280 590 2378 spiritu
628 2281 759 2356 vivere.
811 2279 886 2355 Neo
911 2281 1010 2379 prius
1041 2290 1281 2370 recesserunt,
1313 2303 1425 2376 quam

181 2399 405 2489 compertum
430 2401 503 2481 est,
537 2415 663 2466 somno
695 2391 876 2490 paulisper
909 2391 1144 2488 acquiescere.
1194 2387 1289 2464 Hinc
1319 2390 1424 2464 certi·
1459 2431 1467 2446 ·

180 2525 279 2574 orem
305 2526 405 2599 spem
432 2500 557 2574 salutis
584 2502 660 2576 eius
686 2501 722 2574 in
749 2513 867 2576 castra
891 2503 1117 2576 rettulerunt

132 2613 180 2683 23
285 2609 366 2684 Rex
398 2623 538 2710 septem
569 2611 695 2685 diebus
727 2623 852 2686 curato
878 2613 1043 2702 vulnere,
1076 2609 1230 2684 necdum
1262 2609 1423 2684 obducta
1431 2630 1480 2678 vr.

182 2721 361 2812 cicatrice,
396 2746 478 2795 cum
505 2721 680 2812 audisset,
716 2723 940 2796 convaluisse
966 2721 1064 2820 apud
1089 2721 1264 2796 barbaros
1289 2722 1423 2796 lernam

181 2832 305 2904 mortis
344 2857 445 2922 suae,
486 2830 627 2906 duobus
665 2833 816 2930 navigiis
846 2832 1015 2923 iunctiss
1042 2833 1153 2906 statui
1189 2834 1227 2905 in
1263 2831 1422 2904 medium

180 2941 337 3038 undique
365 2943 601 3040 conspicuum¹
621 2944 892 3018 tabernaculum
916 2943 1036 3034 iussit,
1068 2969 1116 3017 ex
1141 2969 1212 3042 quo
1238 2969 1279 3018 se
1304 2954 1422 3018 osten-

181 3051 284 3125 deret
317 3053 453 3151 perisse
486 3053 722 3127 credentibus.
776 3051 1070 3153 Conspectusque
1095 3054 1141 3128 ab
1168 3055 1292 3128 incolis
1320 3079 1422 3152 spem

180 3165 338 3239 hostium
363 3164 455 3237 salso
487 3165 613 3237 nuntio
640 3175 849 3262 conceptam
882 3164 1045 3238 inhibuit
1099 3161 1264 3238 Secundo
1292 3164 1457 3239 deindea

181 3299 285 3347 amne
318 3273 485 3365 defluxit,
521 3275 742 3371 aliquantum
771 3273 951 3348 intervalli
977 3299 1000 3348 a
1026 3284 1145 3349 cetere
1176 3277 1289 3348 classe
1322 3301 1422 3373 prae-

77 3381 81 3389 ’
181 3385 330 3483 cipiens,
365 3409 412 3458 ne
443 3386 543 3481 quies
570 3386 711 3484 corpori
742 3385 899 3458 invalido
932 3384 1050 3460 adhuc
1081 3387 1282 3460 necessaria
1313 3387 1420 3484 pulsu

184 3521 364 3570 remorum
389 3493 631 3594 impediretur.

285 3603 437 3696 Quarto,
472 3614 664 3703 postquam
695 3607 866 3705 navigare
893 3616 1075 3706 coeperat,
1110 3605 1168 3680 die
1193 3607 1358 3706 pervenit
1381 3607 1455 3680 ins

179 3924 261 3978 Bern,
278 3927 305 3978 A
322 3933 370 4000 ct„
386 3943 408 3979 n
426 3855 646 4004 dnalszblileudtiii⁸
657 3873 786 4005 lildgb'dss
814 3859 1296 4008 Βαυὲακᾞᾱορῗωηίωᾞὴὲἔ
1313 3867 1421 3980 ὴῖὶῄοιιιῗ

179 3993 282 4060 banda,
300 3993 378 4074 Voss:
397 4001 409 4046 1
429 3992 548 4074 etheid.
566 3992 673 4064 senqm
699 4002 784 4047 nostri
819 3995 910 4064 Atque
927 3993 994 4048 illud
1012 4011 1058 4064 qm
1076 4011 1118 4048 cm
1135 4005 1228 4065 opums
1237 3995 1417 4049 Leidvosal

180 4069 209 4115 et
227 4060 327 4116 Vocat
346 4063 398 4128 lta,
415 4079 466 4115 niu
488 4061 562 4132 quod
577 4060 650 4114 Flor.
666 4061 690 4114 B
708 4079 784 4116 auum
818 4063 899 4116 Bcrn
912 4063 939 4114 A
956 4061 1028 4116 Flor.
1042 4061 1154 4117 ABCG.
1188 4063 1324 4118 Editiones
1348 4063 1420 4134 prin·

180 4131 232 4183 tit
250 4137 347 4183 servet
818 4131 891 4201 cipes
912 4129 978 4183 mire
1003 4130 1139 4200 permmis
1163 4131 1285 4186 omnibus
1305 4149 1339 4185 aa
1360 4135 1419 4202 φάε

215 4200 314 4318 apim?
341 4199 438 4270 walto]
474 4196 520 4251 Sic
540 4196 611 4252 Flor.
628 4197 653 4251 B
673 4197 750 4252 Voss.
769 4206 781 4252 1
818 4201 1018 4281 quietemrporc
1029 4200 1420 4280 perinvalidoqrtldusasquies

181 4267 416 4416 bessppjkplpqu
432 4267 527 4416 ‘3:33
537 4336 669 4404 corpori
692 4336 702 4387 i
707 4352 784 4388 noo·
818 4268 1089 4416 ltiniiiwgdicdirdstsddm
1106 4268 1420 4409 bgpsaepqqgoqrquqp

181 4405 251 4458 lado
268 4405 355 4460 adbuc
367 4406 530 4473 macria]
552 4404 638 4460 Codd.
651 4411 711 4476 post
724 4419 784 4457 ver·
819 4405 882 4460 tado.

216 3859 239 3924 ς.
258 3861 300 3910 ts.
336 3858 370 3912 iia
388 3873 433 3938 qm
