3330 5050
597 263 647 314 na
674 261 800 315 onsrrs
827 261 935 314 anax
961 259 1100 330 vrn,1a
1396 239 1469 311 377

229 428 377 526 imperio
402 430 435 504 ei
461 430 622 520 reddito,
653 427 752 503 haud
778 428 945 525 amplius,
984 451 1091 524 quam
1116 437 1158 500 ut
1183 426 1255 500 duo
1282 453 1329 501 ex
1354 425 1471 500 tribus

177 559 210 607 aa
228 539 308 612 filiis
343 565 465 616 secum
497 542 708 626 militarent,
750 538 880 634 exegit.
933 535 1101 638 Satrapes
1139 540 1247 612 etiam
1279 563 1376 627 eum,
1411 537 1473 635 qui

229 675 338 746 penes
364 653 483 752 ipsum
510 649 792 745 relinquebatur,
825 647 945 723 tradit.
998 648 1157 724 Barbara
1182 648 1363 746 opulentia
1389 673 1470 720 con·

177 781 210 829 as
229 749 380 852 vivium,
413 787 485 859 quo
511 785 635 858 regem
661 760 872 857 accipiebat,
904 762 1132 835 instruxerat.
1186 759 1227 832 ld
1253 785 1334 832 cum
1359 760 1474 833 mrdta

228 875 398 946 comitate
431 873 646 963 celebraret,
690 871 867 945 introduci
894 899 973 944 xxx
1004 873 1140 945 nobiles
1173 872 1326 968 virgines
1359 870 1471 944 iussit

229 982 328 1056 Inter
354 1008 444 1080 quas
470 995 550 1056 erat
575 984 647 1057 filia
672 984 783 1080 ipsius
802 982 953 1056 Roxane
979 985 1131 1072 nomine,
1158 983 1288 1056 eximia
1313 981 1472 1079 corporis

178 1111 212 1160 aa
229 1094 348 1191 specie
383 1106 420 1169 et
454 1093 585 1180 decore
619 1094 763 1167 babitus
803 1095 840 1165 in
876 1093 1036 1167 barbaris
1070 1119 1162 1166 raro.
1215 1090 1316 1182 Quae
1351 1117 1473 1190 quam·

229 1228 337 1302 quam
362 1206 458 1282 inter
483 1207 615 1280 electas
642 1212 881 1302 processerat,
914 1206 1072 1278 omnium
1098 1217 1218 1278 tamen
1244 1206 1366 1278 oculos
1392 1227 1475 1276 con·

233 1317 344 1391 vertit
375 1319 412 1390 in
445 1343 500 1408 se,
533 1316 691 1389 maxime
722 1314 832 1412 regia,
867 1316 984 1388 minus
1017 1319 1088 1389 iam
1119 1315 1371 1414 cupiditatibus
1403 1316 1476 1388 suis

229 1427 438 1524 imperantis
464 1427 559 1502 inter
584 1426 757 1523 obsequia
788 1425 969 1517 fortunae,
1005 1439 1262 1525 contraquam
1287 1425 1474 1501 nonsatis
1568 1449 1597 1510 J

178 1554 212 1603 2⁶
225 1547 339 1610 ‘cauta
369 1538 570 1612 mortalitas
602 1549 668 1614 est
720 1535 845 1633 Itaque
879 1539 951 1628 ille,
987 1540 1046 1636 qui
1079 1563 1229 1613 uxorem
1253 1537 1378 1630 Darei,
1413 1537 1475 1635 qui

201 1647 321 1721 ‘duas
353 1648 444 1723 filias
477 1650 653 1748 virgines,
690 1649 818 1746 quibus
852 1650 967 1723 forma
1001 1661 1143 1748 praeter
1174 1647 1348 1724 Roxanen
1380 1674 1474 1722 com·

254 1760 350 1833 arari
368 1761 469 1834 nulla
491 1770 644 1860 poterat,
671 1759 771 1834 haud
797 1761 866 1833 alio
892 1761 1020 1852 animo,
1047 1785 1155 1858 quam
1181 1762 1346 1859 parentis,
1373 1783 1473 1859 aspe-

232 1881 352 1963 xerat,
388 1883 476 1945 tunc
501 1872 539 1944 in
571 1896 731 1946 amorem
756 1873 1002 1970 virgrmculaa,
1037 1873 1068 1946 si
1097 1871 1216 1970 regiae
1247 1872 1349 1970 stirpi
1381 1895 1475 1944 com·

230 1993 429 2079 pararetur,
454 1983 632 2084 ignobilis,
658 1985 711 2057 ita
727 1984 861 2058 effusus
881 1994 927 2074 et,
945 1994 989 2057 ut
1007 1983 1140 2058 diceret
1157 1981 1205 2056 ad
1223 1981 1476 2058 stabiliendum

231 2117 384 2193 regnum
409 2095 600 2192 pertinere,
628 2095 758 2170 Persas
778 2105 816 2168 et
834 2092 1049 2170 Macedones
1069 2095 1246 2169 connubio
1264 2095 1381 2195 iungi:
1407 2094 1477 2168 hoc

233 2227 307 2276 uno
333 2203 443 2280 modo
469 2216 508 2280 et
533 2205 710 2305 pudorem
728 2206 855 2296 uictis,
890 2215 928 2280 et
958 2207 1161 2305 superbiam
1191 2208 1385 2281 victoribus
1419 2205 1479 2280 de·
1598 2249 1601 2254 ·

184 2332 218 2381 ²⁶
236 2315 331 2388 trabi
355 2341 474 2415 posse.
527 2317 704 2391 Achillem
731 2342 881 2415 quoque,
908 2343 930 2390 a
953 2343 1023 2417 quo
1040 2343 1153 2418 genus
1170 2319 1246 2416 ipse
1272 2316 1474 2408 deduceret,

163 2465 165 2468 ·
237 2449 318 2499 cum
344 2429 490 2526 captiva
516 2428 646 2503 coisse:
673 2453 719 2502 ne
744 2428 865 2502 inferri
882 2429 982 2503 nefas
1000 2429 1266 2520 arbitrarentur,
1293 2429 1345 2502 ita
1359 2419 1479 2503 matri·

237 2661 336 2717 sentirs
352 2664 482 2718 volumus.
507 2663 579 2719 Nam
595 2663 722 2720 Roxanes
739 2671 846 2736 patrem
911 2667 935 2733 ξ.
946 2670 989 2718 tt.
1006 2667 1200 2734 nullapaterat]
1218 2662 1396 2719 morsura
1404 2663 1496 2720 Leid.·

236 2729 304 2785 infra
325 2731 371 2786 lib.
384 2747 426 2798 rx,
441 2739 474 2787 tl
493 2742 523 2787 et
539 2733 585 2788 lib.
599 2747 630 2816 x,
647 2741 678 2790 12
705 2735 843 2802 Oxyartem
896 2743 1010 2801 aruerat,
1041 2735 1088 2788 sed
1105 2731 1175 2786 filisa
1192 2733 1329 2788 crimmum
1347 2733 1478 2788 vivebant

237 2798 280 2852 val
302 2809 376 2855 certe
402 2800 534 2856 simillimo
557 2819 664 2856 nomme
690 2801 843 2874 appellarit,
952 2811 1013 2872 post
1034 2801 1179 2872 latinitatis·
1190 2801 1259 2856 ratio
1275 2802 1414 2856 videbatur
1431 2820 1480 2874 po-

237 2865 372 2958 Diodorns
391 2879 481 2956 aptam
500 2879 530 2924 at
547 2871 675 2925 Arrianus
695 2889 748 2925 non
766 2869 844 2924 aliter
877 2869 976 2924 stulsra
1008 2873 1034 2924 ri
1064 2872 1152 2953 rspice
1181 2873 1259 2953 stirpi
1283 2882 1481 2942 compararetur

237 2937 512 3087 aratrum
529 2939 844 3078 &tacitura-rr
877 2939 1480 3088 aaaramacrrcuaa
1566 2997 1567 3002 ψ

237 3083 389 3128 constsnua
409 3076 601 3144 emorraeum,
620 3077 671 3132 nisi
687 3078 758 3148 quod
772 3077 843 3130 Flor.
878 3085 972 3146 estque
1003 3075 1029 3130 in
1055 3075 1125 3130 Flor.
1151 3075 1257 3148 reliquis
1288 3085 1394 3148 praeter
1419 3077 1478 3132 ΔΒ.

237 3141 290 3196 ΕΗ
308 3143 426 3198 Roma
447 3144 750 3210 Oortandus'scribunt,
773 3146 844 3198 unda
878 3143 915 3198 Hi
936 3153 1026 3199 autam
1046 3163 1106 3200 cum
1127 3143 1201 3198 Leid.
1223 3145 1298 3198 Voss.
1319 3153 1330 3200 1
1357 3146 1481 3200 Rern&

238 3211 272 3265 ab
290 3209 367 3266 lunio
384 3220 415 3266 et
431 3211 525 3268 Medio
543 3214 643 3268 samum
660 3223 702 3268 est
719 3215 845 3268 Oolorta·
878 3225 1056 3283 comparetur,
1092 3214 1139 3267 sed
1177 3213 1203 3267 in
1234 3213 1360 3268 eiusmodi
1399 3215 1481 3269 rebar

237 3297 296 3344 nus,
313 3280 416 3346 scilicet
432 3298 466 3335 ne
483 3283 614 3336 barbarus
632 3283 710 3337 nimis
724 3283 844 3338 Romano
878 3291 906 3336 et
928 3282 1156 3337 terminationibus
1176 3282 1316 3336 verborum
1344 3301 1397 3337 non
1420 3301 1481 3338 raro

237 3347 365 3404 vocabulo
383 3349 576 3422 appellaretur,
594 3370 656 3406 nam
675 3351 753 3406 sliam
770 3351 845 3422 equi·
879 3351 960 3405 etiam
978 3351 1090 3422 optimos
1104 3367 1160 3405 esse
1172 3352 1310 3405 mendosos
1328 3351 1385 3423 plus
1399 3352 1482 3406 semel

237 3417 298 3472 dem
314 3435 420 3472 musam
437 3419 537 3472 nullam
554 3420 639 3475 rideo.
676 3419 705 3475 Si
719 3420 844 3490 syllabam
878 3419 1035 3474 notavimus.
1071 3419 1146 3474 Sicut
1163 3419 1214 3472 iam
1233 3422 1260 3473 r'n
1278 3438 1365 3474 aurore
1382 3439 1431 3492 pro
1448 3437 1481 3476 eo

237 3502 300 3540 aaa
323 3503 481 3558 praegressa
501 3505 568 3544 roae
589 3491 633 3543 cui
655 3499 744 3543 ortum
765 3496 843 3559 puts-
876 3489 950 3558 quod
976 3503 1067 3542 vemm
1093 3497 1135 3542 est
1164 3491 1192 3541 r'a
1217 3507 1331 3542 amorem
1357 3489 1437 3544 Bern.
1455 3493 1481 3544 A

237 3561 311 3676 md
335 3554 472 3637 invenitur
494 3557 582 3681 slipps
602 3557 671 3612 ratio
681 3575 743 3638 ‘qus
759 3574 793 3610 ex
810 3573 843 3610 eo
879 3573 938 3610 cum
956 3555 1013 3611 aliis
1031 3555 1203 3638 deterioribus
1220 3557 1292 3637 Flor.
1306 3557 1382 3612 GRH
1399 3558 1480 3613 Barn.

237 3624 845 3776 caatammcutm
879 3625 1000 3774 aar
1017 3626 1183 3775 carra
1198 3626 1348 3766 tta,
1384 3693 1482 3750 a,

237 3761 329 3817 addita
346 3771 525 3830 ast,·nemrm
546 3781 574 3818 ιιι
590 3763 725 3818 cadrubus
743 3763 844 3816 laums
879 3764 965 3816 rarbrs
987 3771 1073 3816 utitur
1101 3779 1149 3816 sorr
1170 3772 1213 3816 tor
1236 3777 1274 3829 rr,
1290 3769 1324 3816 28
1345 3763 1389 3816 fin.
1425 3763 1480 3818 Sed

237 3830 333 3884 mirum
349 3830 491 3886 videbitur.
805 3873 807 3878 ,
880 3833 982 3884 duceret
999 3831 1070 3885 Flor.
1088 3831 1139 3884 DF
1166 3830 1252 3884 ll'al.
1268 3839 1291 3896 l,
1315 3841 1408 3886 contra
1424 3835 1481 3904 ipse

272 3903 297 3960 ς.
314 3906 357 3954 tt.
392 3900 504 3954 Roxane
525 3901 641 3972 somine]
677 3899 759 3954 laid,
774 3899 845 3953 Flor.
880 3899 1009 3953 omittunt
1026 3899 1158 3954 Florali
1175 3900 1299 3953 Bernss.

236 3967 287 4021 AB
305 3985 429 4034 roacare,
447 3968 528 4022 Bern.
547 3973 572 4022 A
589 3969 668 4023 Voss.
686 3978 698 4023 l
719 3987 845 4035 roarane,
913 3969 1106 4022 arbitrarentur
1122 3970 1173 4040 ito]
1201 3971 1400 4022 Arbitrarerrtur
1416 3967 1481 4024 Aldi

238 4035 309 4090 Flor.
327 4037 349 4090 F
367 4055 471 4101 rorone,
494 4037 565 4091 Flor.
584 4036 611 4091 G
626 4055 760 4091 rarannae
783 4038 810 4092 h.
828 4037 845 4090 l.
880 4046 933 4104 ast,
962 4055 1022 4090 nam
1039 4036 1161 4108 princeps
1178 4039 1360 4092 arbitraretur.
1396 4036 1481 4092 Codd.

238 4107 371 4172 mendose¹
393 4123 455 4159 nsm
477 4105 558 4177 paulo
578 4116 640 4177 post
658 4125 710 4160 non
728 4115 845 4178 peccant.
879 4107 996 4174 variam,
1018 4105 1190 4228 antipuissimi
1208 4107 1287 4160 Bam.
1303 4109 1328 4160 A
1345 4105 1480 4161 Floras

237 4171 374 4228 Diodorus
390 4173 516 4244 Ῥοξάνη,
534 4174 694 4230 Plutarchus
713 4185 742 4228 et
755 4175 846 4229 Arria-
879 4175 980 4229 Vosat
999 4193 1058 4229 cum
1099 4175 1147 4229 lor.
1162 4174 1229 4228 DGI
1246 4177 1414 4241 arbitrentur,
1433 4176 1482 4230 sed

238 4259 288 4295 nus
305 4241 437 4309 Ῥωξάνη.
880 4252 1014 4314 praestare
1040 4252 1128 4297 umen
1154 4246 1188 4297 ad
1215 4253 1333 4298 tenorem
1363 4244 1482 4316 reliquae

273 4313 297 4376 5.
319 4317 361 4365 24.
400 4331 452 4366 nou
482 4315 550 4368 satis
580 4323 659 4368 cauta
686 4315 845 4382 mortalitas]
880 4312 1005 4366 orationis
1023 4313 1128 4366 videtur
1145 4311 1334 4383 imperfectum.
1361 4312 1414 4368 Sed
1433 4315 1480 4383 ita,

239 4377 282 4435 cf.
301 4380 335 4433 sd
353 4393 383 4446 r,
403 4387 445 4448 la,
462 4388 502 4435 lt.
880 4380 952 4453 quod
969 4380 1096 4454 sequitur,
1115 4381 1254 4436 molestum
1272 4381 1322 4436 suit
1338 4392 1367 4437 et
1384 4381 1441 4437 aliis
1453 4389 1482 4438 et
