3258 5120
550 329 601 382 nn
633 327 760 383 cassis
786 329 894 382 anax.
921 333 958 402 x,
981 325 1024 376 ss.
1323 309 1396 381 523
1483 277 1486 282 Δ
1544 337 1548 346 ·

150 515 291 584 ineunt.
344 507 470 584 Placet
496 513 694 588 exercitum
720 512 837 610 patrio
862 537 961 586 more
986 513 1140 586 lustrari.
1192 511 1240 586 Et
1271 511 1398 610 proba·

6 707 13 724 ,
88 621 237 694 1nbilis
264 643 374 693 causa
399 620 593 697 videbatur
625 623 820 722 praeterita
845 619 1031 696 discordia
1083 619 1319 695 Macedonum
1346 647 1399 695 re-

6 727 12 754 *
149 756 219 828 ges
245 732 297 803 ita
323 731 478 806 lustrare
505 734 600 806 soliti
615 742 718 806 erant
731 733 870 822 milites,
896 743 939 806 ut
958 733 1125 806 discissae
1146 734 1242 804 canis
1261 733 1399 806 viscera

153 841 282 914 ultimo
309 843 346 915 in
373 868 518 941 campo,
552 845 589 914 in
617 866 724 940 quem
749 841 986 916 deduceretur
1011 845 1204 932 exercituS,
1231 845 1277 915 ab
1305 853 1398 916 utra·

151 978 226 1049 que
252 955 449 1028 abiicerent
481 964 600 1053 parte,
638 955 734 1027 intra
765 954 802 1026 id
833 954 989 1051 spatium
1021 957 1148 1028 armati
1179 977 1302 1026 onmes
1328 963 1399 1026 sta·

150 1077 247 1156 rent,
274 1067 358 1138 hinc
384 1065 534 1160 equites,
561 1065 658 1138 illinc
683 1064 852 1161 phalanx.

93 1195 128 1243 rs
259 1176 386 1274 Itaque
412 1199 456 1248 eo
483 1173 551 1266 die,
579 1198 684 1271 quem
707 1172 789 1247 huic
810 1197 911 1246 sacro
929 1171 1207 1266 destinaverant,
1233 1198 1299 1250 rex
1317 1176 1448 1250 cum29

152 1287 335 1384 equitibus
362 1285 634 1382 elephantisque
660 1285 871 1358 constiterat
895 1295 1021 1358 contra
1046 1285 1195 1383 pedites,
1221 1286 1299 1382 quis
1326 1283 1398 1358 Me·

6 1385 10 1430 ¹
95 1415 131 1464 14
151 1398 276 1496 leager
302 1406 479 1494 praeerat
532 1396 610 1470 Iam
635 1405 801 1492 equestre
827 1418 956 1492 agmen
982 1395 1212 1486 movebatur,
1239 1406 1276 1468 et
1302 1394 1397 1494 pedi·

151 1519 210 1582 tes
243 1507 363 1580 subita
394 1507 585 1586 formidine
618 1507 665 1582 ob
697 1515 878 1580 recentem
910 1503 1141 1595 discordiam,
1181 1507 1277 1580 haud
1311 1531 1398 1580 sane

153 1618 273 1716 pacati
307 1618 498 1715 quicquam
530 1627 780 1716 expectantes,
821 1635 1013 1715 parumper
1043 1615 1316 1707 addubitavere,
1351 1643 1398 1691 an

153 1729 193 1800 in
219 1727 346 1802 urbem
377 1713 622 1802 subducerent
652 1728 792 1825 copias:
826 1726 957 1824 quippe
987 1751 1053 1824 pro
1080 1727 1257 1824 equitibus
1288 1728 1398 1827 plani·

99 1857 133 1906 15
154 1839 223 1912 ties
251 1849 338 1912 erat
393 1835 563 1912 Ceterum
589 1838 710 1928 veriti,
741 1861 787 1911 ue
820 1847 954 1910 temere
986 1839 1264 1912 commilitonum
1289 1839 1397 1914 fidem

155 1927 386 2038 damirarent,
426 1948 636 2039 substitere,
670 1948 892 2046 praeparatis
924 1947 972 2020 ad
997 1943 1236 2023 dimicandum
1261 1950 1397 2042 animis,

155 2061 293 2158 siquis
315 2060 390 2134 vim
407 2060 566 2134 inferret
619 2058 695 2132 lam
713 2060 857 2158 agmina
873 2060 1027 2150 coibant,
1052 2083 1274 2158 parvumque
1291 2061 1397 2136 inter·

6 2175 7 2182 ’
103 2171 292 2260 rovallum
319 2180 414 2261 erat,
441 2169 546 2269 quod
578 2171 691 2244 aciem
721 2181 912 2268 utramque
943 2167 1129 2246 divideret
1181 2169 1305 2270 ltaque
1330 2195 1397 2246 rex

155 2307 239 2356 cum
265 2307 339 2358 una
363 2283 423 2358 ala
449 2282 661 2380 obequitare
686 2281 866 2381 peditibus
893 2282 1026 2380 coepit,
1054 2279 1252 2357 discordiae
1277 2293 1397 2358 aucto·
1525 2376 1528 2384 Ι

157 2417 233 2485 res,
269 2417 360 2491 quos
392 2393 486 2466 tueri
516 2393 594 2491 ipse
626 2391 799 2483 debebat,
833 2392 1003 2466 instinctu
1029 2390 1219 2467 Perdiccae
1243 2392 1291 2467 ad
1316 2417 1397 2492 sup·

157 2505 263 2604 plicis.
288 2504 504 2602 deposcens:
530 2502 805 2600 minabaturque
832 2527 956 2578 omnes
979 2513 1114 2578 turmas
1133 2528 1215 2578 cum
1233 2505 1397 2602 elephan-

108 2633 139 2682 11
157 2616 204 2688 tis
230 2613 462 2688 inducturum
488 2641 529 2689 se
553 2615 592 2688 in
612 2623 831 2689 recusantes.
870 2611 1074 2713 Stupebant
1091 2615 1285 2712 improviso
1301 2615 1397 2688 malo

158 2725 314 2824 pedites3
349 2750 417 2800 nec
448 2726 531 2826 plus
563 2727 601 2800 in
632 2725 711 2823 ipso
736 2723 917 2824 Meleagro
944 2737 1022 2801 erat
1054 2735 1119 2800 aut
1149 2727 1299 2815 consilii,
1334 2734 1399 2798 aut

159 2837 278 2910 animi.
331 2835 567 2911 Tutissimum
602 2862 650 2911 ex
684 2839 933 2934 praesentibus
968 2836 1173 2928 videbatur,
1207 2847 1397 2935 expectare

64 3035 70 3044 ¹
111 2965 141 3015 1s
159 2948 289 3045 potius,
316 2933 426 3046 quain
451 2973 599 3023 movere
624 2948 817 3022 fortunam
869 2946 961 3022 Tum
983 2947 1164 3040 Perdicca,
1189 2960 1231 3022 ut
1256 2961 1397 3046 torpen-

159 3072 213 3130 tes
240 3069 278 3132 et
303 3058 481 3133 obnoxios
508 3058 611 3150 vidit,
639 3079 709 3132 ccc
728 3060 813 3150 fere,
839 3060 899 3157 qui
916 3057 1136 3156 Meleagrum
1154 3069 1397 3158 erumpentem

160 3193 205 3241 ex
224 3169 401 3262 contione,
428 3197 521 3269 quae
547 3172 663 3270 prima
687 3171 810 3244 habita
836 3183 892 3246 est
917 3181 1001 3270 post
1025 3179 1178 3242 mortem
1191 3169 1397 3260 Alexandri,

160 3281 271 3354 secuti
303 3291 423 3373 erant,
459 3307 482 3355 a
513 3283 641 3357 ceteris
679 3281 869 3373 discretos,
905 3281 1103 3381 elephantis
1135 3281 1176 3352 in'
1203 3291 1396 3378 conspectu

160 3389 270 3464 totius
297 3391 478 3466 exercitus
504 3392 642 3482 obiicit;
669 3417 863 3490 omnesque
888 3393 1075 3466 beluarum
1099 3390 1250 3491 pedibus
1272 3393 1396 3466 obtriti

115 3521 144 3569 rs
161 3513 254 3594 sunt,
285 3526 353 3577 nec
378 3503 593 3601 prohibente
619 3503 800 3602 Philippo,
834 3527 902 3576 nec
927 3513 1088 3594 auctore:
1121 3502 1396 3602 apparebatque,

160 3611 196 3684 id
222 3613 330 3687 modo
357 3638 425 3710 pro
451 3638 517 3689 suo
544 3614 819 3707 vindicaturum,
852 3613 949 3712 quod
974 3615 1211 3713 approbasset
1235 3625 1396 3688 eventus.

210 3820 277 3868 ‚12
305 3815 346 3896 'qb
372 3825 484 3886 utroque
510 3817 653 3897 obiicerem
675 3819 763 3886 parte]
799 3815 1021 3897 hbxvn1,q4
1047 3817 1157 3886 triptota
1182 3832 1292 3896 numero
1317 3814 1397 3896 fuisse

162 3882 441 4031 lusanae
448 3885 766 4023 emessam.-
798 3883 1398 4036 enumerantem

162 4030 216 4101 sent
233 4019 361 4101 plerique.
382 4019 441 4074 Nec
457 4037 565 4102 neceas
580 4030 623 4075 ast
640 4032 672 4101 ut
688 4038 765 4102 reges
799 4024 888 4076 οὸίεσα
905 4021 976 4104 Flor.
987 4020 1131 4077 cusum
1149 4020 1265 4075 bernB
1283 4021 1396 4089 Vocat,

73 4211 78 4220 ,
163 4088 765 4238 senzceancnrnnsnn
799 4091 994 4228 “sula
1010 4177 1057 4214 ,t
1073 4176 1165 4213 ,m
1246 4159 1397 4228 n„

164 4232 218 4304 teta
231 4234 260 4306 et
273 4233 414 4306 qqotsnnrs
422 4242 513 4280 mense
524 4228 672 4308 Zaubfxot
685 4227 767 4307 (circa
800 4228 870 4282 Flor.
890 4228 940 4281 DE
964 4227 1031 4283 GHl
1049 4229 1130 4282 Beru.
1148 4229 1179 4280 B.
1204 4227 1285 4308 'Tum
1310 4231 1398 4297 quoad

163 4294 765 4419 ffatttlltltttttttnlt:
799 4299 934 4420 ,stlat
952 4297 1397 4434 tltlstlltllftlltt':

196 4403 316 4504 dopna,
335 4437 357 4500 ς.
370 4437 411 4494 18.
447 4447 505 4489 ccc
521 4434 597 4506 sere]
632 4405 765 4490 Diodorin
800 4435 847 4504 A),
864 4441 906 4490 est
922 4442 994 4492 certe
1011 4434 1039 4489 in
1055 4435 1120 4490 edit.
1137 4453 1176 4508 pr.
1193 4442 1223 4490 et
1238 4434 1307 4488 Mar.
1389 4405 1396 4420 .
