3260 5042
222 385 300 444 XVI·
733 383 948 436 ruarmo.

223 563 349 659 reliqui
387 589 511 639 omnes
550 567 630 642 libri
658 551 861 642 deteriores
901 553 940 640 in¹
972 567 1049 638 libr.
1081 589 1122 639 1v
1157 593 1233 665 cap.
1263 571 1323 641 44-
1345 577 1383 639 et
1408 569 1463 637 46

224 692 362 764 onerati
388 705 654 794 suntprorsus
680 703 811 782 carent,
838 694 941 766 sicuti
966 715 1033 788 par
1059 705 1125 781 est,
1152 693 1227 765 Pal.
1259 697 1277 765 1
1306 691 1400 765 Flor.
1413 691 1465 781 D,

223 820 354 918 partim
380 821 488 894 etiam
513 821 606 895 Flor.
632 819 662 892 F
663 818 728 908 Gl,
760 817 854 890 unde
880 833 952 890 non'
979 818 1068 890 levis
1096 819 1302 912 coniectura
1329 817 1375 890 de
1401 843 1466 915 ge·

223 973 309 1022 nere
334 947 572 1044 interpolendi
599 945 680 1017 duci
705 953 834 1041 potest.
887 943 929 1017 ln
954 943 1046 1017 Flor.
1074 943 1108 1020 G
1134 946 1346 1019 correctoris
1366 945 1465 1016 illius

223 1076 405 1174 ingenium
431 1073 651 1145 manifestius
677 1097 783 1170 quam
818 1072 854 1146 in
886 1075 1029 1172 reliquis
1056 1075 1156 1148 libris
1182 1077 1319 1148 elucet:
1358 1083 1466 1146 tanta

224 1201 384 1289 audacia,
411 1198 610 1300 sedsaepe
636 1200 744 1274 etiam
770 1200 994 1293 dexteritate,
1020 1204 1107 1292 loci,
1135 1203 1195 1299 qui
1222 1213 1286 1275 aut
1311 1211 1465 1298 propter

223 1339 366 1403 veteres
392 1325 541 1402 mendas
568 1341 631 1402 aut
656 1340 803 1428 propter
833 1330 939 1402 aliam
971 1329 1199 1402 obscuritatis
1226 1353 1372 1400 causam
1399 1329 1465 1400 mi·

224 1480 293 1528 nus
320 1454 420 1530 facile
446 1457 594 1555 intelligi
619 1467 776 1555 possent,
803 1455 883 1527 fulti
909 1464 946 1528 et
972 1455 1121 1528 correcti
1145 1467 1240 1546 sunt,
1267 1466 1310 1528 nt
1327 1480 1375 1527 ex
1392 1455 1464 1526 hoc

222 1583 302 1682 ipso
327 1585 419 1657 libro
445 1585 504 1658 vel
522 1567 599 1658 ¹⁴alio
626 1586 702 1657 eius
735 1583 837 1654 simili
872 1583 1064 1680 plurimum
1098 1583 1248 1681 vulgata
1273 1583 1463 1681 scriptura,

223 1713 379 1809 quaein
405 1711 620 1785 editionibus
647 1711 906 1802 circumfertur,
932 1710 980 1784 ad
1006 1711 1226 1809 intelligendi
1252 1710 1464 1784 facultatem

224 1839 425 1936 profecerit
476 1839 604 1911 Altera
629 1839 762 1914 classis
776 1838 947 1911 libromm
978 1837 1215 1927 deteriorum,
1234 1849 1289 1912 ‘et
1314 1837 1373 1909 cui
1398 1836 1463 1908 mi·

223 1965 319 2038 nime
342 1963 435 2039 fides
461 1965 629 2040 habenda
653 1977 725 2057 est,
759 1965 960 2041 Fbrcntima
981 1965 1066 2042 ΕΗ
1081 1965 1253 2040 Bemmari
1276 1966 1328 2039 Bw
1350 1963 1463 2072 Vossi-
1538 2011 1541 2014 -

224 2117 291 2169 arto
319 2095 340 2166 2
368 2094 616 2185 constituitur,
655 2114 737 2167 cum
769 2091 815 2166 ad
846 2093 1066 2190 generalem,
1099 2089 1153 2164 de
1188 2117 1260 2188 qua
1277 2091 1461 2180 diximus,

223 2221 536 2320 interpolationem
558 2223 604 2294 in
625 2221 772 2320 singulis
806 2221 903 2293 libris
938 2221 1008 2294 alia
1042 2221 1253 2293 temeritatis
1274 2230 1327 2293 ‘et
1350 2219 1460 2318 negli-

224 2350 367 2448 gentiae
392 2349 481 2422 vitia
506 2347 695 2440 accedunt,
709 2349 772 2422 ita
797 2359 838 2420 ut
863 2349 923 2444 qui
949 2350 985 2420 in
1011 2347 1077 2421 hos
1103 2348 1163 2420 vel
1190 2347 1322 2420 similes
1351 2347 1462 2420 libros

224 2475 416 2549 inciderint
441 2475 595 2550 editores
622 2477 660 2549 in
682 2475 887 2548 universum
904 2476 1057 2548 multum
1074 2486 1259 2573 praestare
1277 2475 1461 2572 vulgatam

225 2605 414 2678 lectionem
440 2605 542 2678 facile
574 2604 760 2679 senserint
812 2603 940 2676 Artam
971 2603 1158 2700 imprimis
1177 2603 1273 2676 inter
1306 2601 1400 2675 Flor.
1427 2601 1463 2674 H

222 2742 265 2805 et
291 2731 396 2806 Bern.
423 2731 454 2804 B
485 2731 707 2806 intercedere
741 2732 990 2828 cognationem
1024 2732 1276 2829 cognovimus,
1297 2729 1404 2803 ·Flor.
1432 2729 1462 2802 E

226 2885 301 2933 non
326 2885 409 2932 raro
435 2883 517 2932 cum
543 2859 747 2934 melioribus
773 2860 827 2931 sui
852 2859 991 2956 generis
1019 2857 1229 2949 concordat,
1262 2856 1461 2930 Vossianus

228 2988 352 3061 2suis
378 2987 484 3062 vitiis
508 2988 560 3060 ita
576 2986 771 3078 abundat,
806 2995 848 3058 ut
878 2985 940 3058 ubi
975 2987 1073 3060 solus
1108 2985 1260 3077 incedit,
1298 2997 1462 3084 repetere

184 3147 189 3160 =
221 3114 304 3188 ⁴eius
331 3115 544 3212 scripturam
569 3113 636 3188 nisi
663 3114 817 3212 exempli
841 3115 957 3212 gratia
991 3099 1149 3188 animuin
1178 3139 1252 3187 non
1284 3113 1462 3211 potuerim

227 3240 406 3314 inducere.
458 3240 686 3315 Florentinus
712 3241 863 3339 denique
891 3240 919 3315 (l
945 3243 1116 3340 singulari
1142 3241 1299 3339 quadam
1324 3243 1462 3314 ratione
1531 3335 1535 3340 ι

227 3369 322 3442 inter
348 3369 502 3466 optimos
529 3379 567 3442 et
593 3368 801 3443 deterrimos
828 3369 957 3461 libros,
992 3371 1110 3442 neutri
1135 3371 1229 3468 parti
1255 3379 1463 3442 constanter

229 3493 412 3586 addictus,
452 3495 621 3586 fluctuat,
660 3506 698 3570 et
732 3498 806 3569 eiua
842 3493 1025 3571 librarium
1058 3507 1161 3602 patet
1195 3519 1243 3569 ex
1278 3497 1461 3593 utriusque

227 3623 351 3696 classis
378 3621 558 3697 codicibus
584 3633 719 3697 temere
745 3625 892 3722 elegisse
918 3650 1010 3722 quae
1036 3626 1253 3722 placerent·

257 3803 260 3808 -
334 3747 560 3850 Constituere
595 3760 736 3824 textum
769 3753 923 3825 maxime
958 3750 1146 3825 debuimus
1182 3748 1347 3823 codicum
1380 3777 1461 3827 mss.

202 3879 459 3972 auctoritate,
493 3878 557 3951 sed
583 3878 715 3974 aliquid
741 3879 787 3952 ad
813 3880 905 3952 hanc
929 3904 1006 3953 rem
1032 3878 1180 3953 subsidii
1207 3878 1316 3951 etiarn
1342 3881 1462 3955 editio·

228 4029 295 4078 nes
322 4007 418 4104 typis
446 4005 645 4103 descriptae
670 4008 876 4079 attulerunt
929 4007 1130 4105 Principem
1157 4005 1351 4080 editionem
1385 4008 1463 4084 Vin-

231 4131 337 4206 delici
361 4130 533 4229 Spirensis
561 4131 720 4206 Venetiis
751 4137 857 4223 1471,
884 4160 991 4232 quam
1018 4160 1065 4208 ex
1090 4132 1307 4207 bibliotheca
1324 4137 1463 4234 publica

232 4255 552 4358 Guelpherbytana
577 4269 704 4334 nactus
731 4285 826 4350 sum,
867 4263 1020 4360 cognovi
1054 4287 1075 4335 e
1102 4259 1223 4334 codice
1250 4285 1315 4335 ms.
1344 4267 1462 4340 elassis

232 4386 445 4460 deterrimae
471 4387 677 4485 simpliciter
710 4411 752 4458 ao
777 4386 928 4462 fideliter
961 4387 1106 4462 ductam
1133 4413 1221 4462 esse.
1274 4387 1350 4463 Nec
1375 4394 1463 4468 Bor·

232 4505 431 4588 manate
456 4515 592 4588 Merula
627 4539 707 4587 cum
735 4511 896 4588 Curtium
928 4515 1051 4589 ederet
1076 4515 1269 4590 Mediolani
1296 4547 1327 4594 a.
1360 4525 1461 4614 1491,
