3350 5042
605 354 655 405 nn
682 353 808 408 ersus
835 355 943 406 anax.
970 351 1096 424 v11,ra.
1407 331 1480 404 319

241 535 443 611 Alexandri
468 535 595 612 fecisse
621 538 719 636 ipsos
752 535 927 626 ementiti,
963 533 1090 608 dubios
1126 533 1243 608 adhuc
1274 535 1381 608 animi
1413 545 1483 608 ter·

241 646 409 720 ruissent
463 645 504 719 ln
531 673 662 746 equum
688 648 893 745 impositum
918 645 1127 722 Alexandro
1153 645 1320 718 tradituri
1335 644 1482 718 ducunt

190 777 223 824 tt
347 755 445 830 Inter
483 759 573 834 haec
612 779 695 849 rex,
734 757 862 854 quibus
900 769 1043 832 matura
1080 767 1158 832 erat
1188 757 1325 845 missi0,
1361 757 1532 831 electis23

243 869 435 966 nongentis
460 870 545 962 fere,
571 871 656 943 bina
682 869 817 940 talenta
842 869 952 964 equiti
978 867 1086 958 dedit,
1112 866 1224 965 pediti
1250 877 1354 940 terna
1375 866 1481 940 dena·

244 981 336 1052 rium
351 979 462 1070 milia3
489 983 714 1074 monitosque
727 989 768 1052 ut
787 979 916 1053 liberos
929 989 1151 1074 generarent,
1178 978 1314 1050 remisit
1327 978 1482 1051 domum.

244 1087 382 1164 Ceteris
408 1094 546 1190 gratiae
572 1101 684 1181 actae,
711 1090 807 1189 quod
834 1090 880 1162 ad
907 1088 1042 1185 reliqua
1068 1089 1149 1162 belli
1176 1099 1371 1162 navaturos
1398 1114 1481 1187 ope·

191 1216 226 1267 28
244 1225 322 1276 rem
357 1203 626 1302 pollicebantur.
679 1201 788 1301 [Tum
815 1201 948 1274 Bessus
980 1199 1211 1300 perducitur]
1263 1198 1484 1274 Perventum

221 1323 324 1415 erat
348 1314 385 1386 in
411 1313 602 1411 parvulum
627 1311 818 1411 oppidum:
853 1309 1076 1385 Branchidae
1102 1313 1177 1385 eius
1209 1311 1346 1384 incolae
1372 1322 1484 1384 erant

244 1421 368 1500 Mileto
395 1423 578 1519 quondam
602 1425 703 1498 iussu
727 1421 869 1512 Xerxis,
896 1447 978 1495 cum
992 1448 1012 1497 e
1026 1420 1175 1497 Graecia
1199 1420 1343 1512 rediret,
1371 1432 1484 1494 trans-

244 1535 370 1623 ierant,
397 1535 497 1607 etin
523 1561 568 1609 ea
592 1533 678 1608 sede
704 1534 953 1624 constiterant,
979 1535 1063 1632 quia
1086 1534 1275 1631 templum,
1302 1531 1400 1629 quod
1423 1529 1484 1604 Di·

193 1663 227 1712 ae
245 1643 403 1745 dymeon
429 1647 647 1744 appellatur,
678 1645 715 1717 in
747 1645 899 1743 gratiam
923 1643 1055 1720 Xerxis
1081 1645 1313 1718 violaverant
1365 1642 1485 1716 Mores

245 1756 353 1854 patrii
378 1756 541 1830 nondum
554 1758 797 1845 exoleverunt,
824 1755 889 1829 sed
902 1757 973 1829 iam
986 1757 1161 1855 bilingues
1174 1765 1287 1845 erant,
1313 1753 1485 1853 paulatim

243 1891 267 1940 e
300 1865 498 1942 domestico
537 1877 689 1942 externo
728 1890 892 1942 sermone
931 1865 1135 1966 degeneres.
1204 1863 1338 1964 Magno
1377 1863 1487 1963 igitur

143 2047 154 2070 ,
243 1976 377 2076 gaudio
402 2002 526 2076 regem
551 1978 749 2076 excipiunt,
776 1977 902 2051 urbem
927 2003 1037 2078 seque
1063 1977 1244 2052 dedentes.
1297 1975 1361 2049 Ille
1388 1973 1486 2048 Mile·

192 2087 336 2194 socios,
371 2090 433 2187 qui
466 2087 565 2187 apud
598 2089 716 2187 ipsum
731 2087 957 2180 militarent,
992 2089 1182 2167 convocari
1206 2088 1316 2163 iubet
1367 2084 1484 2160 Vetus

244 2195 368 2272 odium
392 2197 521 2274 Milesii
546 2200 721 2299 gerebant
753 2200 789 2272 in
815 2196 1096 2286 Branchidarum
1120 2209 1274 2298 gentem
1327 2196 1484 2272 Proditis

277 2403 364 2467 tto.
400 2401 492 2455 dubim
509 2402 596 2455 oestuo
614 2402 713 2470 enimi]
740 2395 850 2455 'aanor
883 2401 964 2455 Iussu
981 2400 1080 2456 Xerrie
1102 2399 1207 2472 explico
1229 2417 1307 2455 ruam
1323 2415 1356 2454 ec
1373 2395 1485 2466 monitu,

243 2466 314 2522 Flor.
333 2468 357 2522 B
374 2463 502 2524 Parit'B
518 2477 548 2523 et
568 2469 629 2523 edd.
646 2477 750 2524 veteru
766 2469 851 2524 ᾱοηοο
882 2468 1070 2527 neminimus
1082 2469 1140 2526 illos
1158 2469 1299 2542 emigrasse
1315 2465 1485 2524 inditedam

243 2535 351 2591 htodius
374 2536 468 2592 vitium
490 2537 643 2609 ignorantie
664 2545 771 2611 partum
793 2555 850 2592 eue-
887 2537 1050 2592 Herodotus

244 2604 316 2660 tulit.
917 2609 940 2674 5.
957 2613 999 2661 29.
1048 2609 1162 2661 modun
1192 2607 1362 2661 esotwcront.
1397 2605 1486 2658 Erro-

143 2699 149 2708 ·
278 2676 302 2742 5.
320 2681 363 2729 27.
398 2675 461 2730 ttae
485 2677 583 2730 talento
601 2677 693 2746 opsiti,
720 2676 770 2730 hoo
790 2691 849 2728 ver·
882 2676 986 2728 tumeat
1017 2685 1064 2729 eut
1094 2677 1244 2729 exoluerunt
1278 2673 1399 2754 plerique
1425 2671 1485 2726 libri

244 2742 341 2797 borum
358 2742 452 2797 ordine
467 2744 586 2811 codicoe,
614 2743 742 2799 editiones
795 2755 797 2760 ’
822 2744 849 2756 ”
882 2761 942 2796 mee.
960 2743 1026 2797 adeo
1043 2752 1073 2797 ut
1090 2759 1153 2796 vera
1169 2744 1254 2798 forma
1269 2760 1324 2797 non
1341 2751 1377 2796 nt
1393 2739 1442 2796 nisi
1457 2739 1485 2793 in

244 2811 308 2864 birro
324 2813 433 2878 tutuno,
450 2812 498 2866 sed
511 2810 769 2882 omittiturequitiin
800 2811 848 2866 lor.
881 2810 953 2866 Flor.
976 2811 1056 2866 EFG.
1091 2811 1146 2865 Sed
1172 2810 1235 2866 alibi
1260 2809 1357 2866 certius
1382 2817 1486 2864 eonem

243 2879 294 2932 AB
312 2878 397 2934 Paria.
406 2880 440 2934 B.
458 2879 529 2933 Tum
537 2881 664 2935 mendose
680 2879 848 2936 nostricodd
883 2888 915 2934 ut
926 2894 978 2947 vn,
988 2886 1022 2934 28
1039 2885 1107 2934 extr.
1123 2896 1207 2950 caque
1224 2895 1266 2934 ree
1280 2877 1409 2934 Prisciani
1425 2895 1486 2949 pag.

243 2964 335 3002 onnes
352 2956 381 3002 et
398 2948 459 3002 edd.
477 2957 543 3002 vett
561 2947 716 3014 ter,1uniur
733 2947 850 3003 correxit
884 2953 933 3003 872
959 2948 1117 3002 auctoritate
1133 2947 1277 3004 conficitur.
1315 2947 1370 3002 Sed
1387 2964 1436 3028 pro
1453 2963 1486 3000 eo

243 3026 327 3070 tarro.
363 3015 550 3088 deruplum
572 3015 656 3097 igitur
677 3033 758 3098 eques
771 3033 851 3071 ecee-
884 3015 956 3087 quod
973 3016 1053 3098 vulgo
1069 3025 1110 3070 eet
1126 3026 1168 3070 est
1299 3015 1385 3086 (qnod
1395 3031 1487 3070 inven-

188 3137 194 3149 ,
244 3083 292 3156 pit,
310 3101 371 3138 nem
388 3083 850 3140 ulmumefficoaexmdiadrach-
884 3093 940 3138 tum
958 3093 999 3138 eet
1016 3103 1043 3138 in
1066 3083 1139 3139 Flor.
1156 3083 1223 3138 DBI
1268 3101 1324 3138 ern.
1343 3085 1387 3151 A)
1404 3083 1486 3138 ceteri

188 3154 192 3162 ’
235 3170 316 3207 mum
333 3153 389 3207 riva
407 3153 551 3216 denarium.
883 3152 945 3206 libri
958 3171 1017 3208 mes.
1027 3153 1122 3224 optimi
1136 3161 1165 3206 et
1181 3151 1286 3224 plurimi
1304 3163 1408 3206 exter-m
1426 3161 1488 3206 tan-

281 3221 348 3275 Tuor
364 3221 466 3277 Banu
479 3223 645 3293 perducitur.
680 3222 770 3277 Verba
792 3220 851 3274 iure
885 3229 941 3274 tum
958 3221 1071 3289 habent,
1094 3221 1159 3274 item
1175 3221 1235 3274 edd
1259 3219 1389 3292 principes
1406 3219 1485 3274 Vind

245 3289 351 3343 videtur
371 3288 491 3346 Freineh.
515 3289 589 3345 uncis
612 3289 850 3362 circumscripsisse,
884 3289 953 3343 Mer.
970 3290 1047 3354 Ald.;
1065 3307 1152 3370 neque
1168 3289 1221 3342 hoc
1237 3296 1296 3342 erat
1313 3288 1487 3342 omittendum

303 3357 851 3499 temperasse
884 3356 1488 3498 tesseracoste

244 3493 350 3548 Bearua
386 3494 444 3549 Nec
460 3496 583 3549 medetur
604 3467 791 3568 idscripmra
807 3513 851 3549 co·
885 3494 1056 3549 domesticum
1081 3511 1243 3561 sermonem,
1279 3510 1358 3563 quem
1384 3493 1488 3548 externi

245 3562 334 3617 dicum
351 3562 423 3617 Flor.
441 3562 506 3616 FGI
523 3563 642 3617 Pariunt
658 3563 760 3618 Vocat
780 3565 851 3617 dum
885 3563 1011 3618 sermonis
1032 3562 1213 3620 communione
1234 3563 1424 3634 propemodum
1441 3562 1488 3615 de·

244 3633 345 3686 Besara
387 3633 522 3686 arducitur
544 3631 601 3685 eive
621 3635 780 3702 producitur
803 3635 851 3698 (ut
885 3631 1039 3686 didicerant

243 3709 286 3754 est
310 3699 340 3754 iu
362 3649 435 3753 dior.
461 3699 530 3768 illia)
557 3717 717 3771 quamquem
743 3699 851 3754 Medius
919 3703 943 3769 §-
969 3708 1012 3756 ³0.
1047 3701 1150 3754 Milesii
1173 3699 1314 3824 parebam
1350 3703 1433 3753 Vetus
1459 3707 1488 3753 et

242 3785 303 3822 cem
319 3767 458 3839 amplexae
475 3776 525 3822 eet.
885 3777 1006 3824 constans
1015 3768 1260 3840 corruptelaomnee
1315 3766 1367 3823 icea
1373 3766 1487 3835 obtinet,

279 3839 315 3917 ᾗ..
329 3841 373 3891 28.
416 3839 487 3907 quod
511 3837 659 3906 Didymeon
691 3837 849 3907 appellotur]
885 3839 959 3891 mites
995 3840 1089 3892 erebot.
1113 3839 1185 3891 Vere
1202 3835 1258 3891 eine
1276 3835 1356 3892 dubio
1372 3835 1488 3892 conexit

243 3905 317 3959 Alibi
334 3903 407 3974 apud
424 3903 540 3959 Graecos
556 3913 599 3959 eet
615 3905 650 3958 τὸ
668 3911 700 3958 tr
718 3901 852 3972 Διδύμοις
885 3857 1077 3960 Freinshemius
1095 3905 1198 3959 Milesii
1210 3907 1351 3985 peretum,
1376 3906 1422 3960 sed
1440 3903 1488 3958 mi·

245 3971 341 4044 teptv:
370 3972 418 4026 aad
444 3990 504 4027 mm
525 3972 624 4044 Apollo
647 3972 682 4026 sit
704 3970 852 4040 Aeduuedr,
886 3973 1019 4028 rarisubit
1027 3973 1152 4046 quamdiu
1170 3972 1263 4027 viuum
1279 3973 1396 4028 latuerit
1419 3973 1487 4028 Item

244 4041 300 4096 eius
327 4039 455 4112 templum
481 4050 525 4095 eet
549 4041 584 4094 τὸ
608 4037 772 4108 Διᾶυμιῖον,
799 4059 852 4096 nou
886 4060 946 4098 cum
964 4047 988 4110 S.
1006 4049 1039 4098 28
1061 4044 1229 4096 Branchidae
1251 4041 1314 4096 satie
1338 4049 1489 4097 comantia

243 4107 412 4178 Διδυμαῖον,
432 4118 463 4162 ut
480 4109 566 4164 adhuc
583 4107 682 4231 Ἕω
698 4109 768 4180 apud
785 4108 850 4162 Plu·
883 4111 1016 4166 scribetur
1040 4110 1107 4180 (nisi
1126 4111 1199 4181 quod
1216 4110 1337 4165 nonnulli
1354 4119 1384 4164 ut
1400 4110 1487 4164 solent

244 4178 328 4232 terrh.
351 4177 380 4232 in
401 4177 496 4258 Pomp.
515 4185 558 4233 24.
640 4185 727 4230 terum
752 4194 850 4230 novum
883 4197 933 4249 pro
950 4183 980 4234 cb
998 4180 1098 4232 habent
1106 4185 1142 4246 c),
1160 4179 1210 4232 hac
1222 4187 1250 4231 et
1267 4177 1376 4250 ineeq.§
1393 4179 1486 4250 optimi

243 4245 296 4300 hoc
313 4245 348 4300 de
362 4246 573 4302 Branchidarum
590 4244 740 4317 proditione
756 4245 849 4316 templi
883 4251 938 4300 sere
956 4247 1166 4302 terminationem
1183 4245 1294 4301 nominis
1308 4251 1431 4302 todorum
1440 4265 1487 4302 ex·

243 4322 274 4368 et
289 4315 489 4382 thesaurorum,
512 4315 585 4386 quod
611 4332 666 4368 non
684 4312 798 4368 traditur
815 4315 849 4368 eb
884 4315 976 4370 hibent
994 4325 1086 4372 contre
1102 4315 1263 4387 analogiam,
1289 4335 1350 4372 cum
1371 4315 1410 4370 illi
1432 4316 1487 4370 rint

245 4381 387 4437 Herodoto
404 4398 449 4449 vr,
469 4392 516 4450 1⁹,
542 4381 697 4438 Callistheni
713 4390 786 4438 recte
802 4382 850 4436 ed·
883 4386 1047 4439 aBraaclo.

245 4449 369 4506 nubitur
385 4469 402 4506 e
419 4451 594 4523 Weseelingio
619 4451 655 4506 ed
677 4451 778 4508 Herod.
795 4450 813 4506 l.
831 4451 849 4505 t
916 4454 1037 4510 Proditis
1054 4471 1124 4525 erpo,
1143 4453 1262 4526 intellige
1277 4452 1400 4522 motis,
1418 4469 1487 4524 quoe
