<?xml version="1.0" encoding="UTF-8"?>
<!DOCTYPE html PUBLIC "-//W3C//DTD XHTML 1.0 Transitional//EN"
    "http://www.w3.org/TR/xhtml1/DTD/xhtml1-transitional.dtd">
<html xmlns="http://www.w3.org/1999/xhtml" xml:lang="en" lang="en">
 <head>
  <title>
</title>
<meta http-equiv="Content-Type" content="text/html;charset=utf-8" />
  <meta name='ocr-system' content='tesseract 3.04.00' />
  <meta name='ocr-capabilities' content='ocr_page ocr_carea ocr_par ocr_line ocrx_word'/>
</head>
<body>
  <div class='ocr_page' id='page_1' title='image "./qcurtiirufidege03rufugoog_0482.png"; bbox 0 0 3258 5120; ppageno 0'>
   <div class='ocr_carea' id='block_1_1' title="bbox 573 293 1421 404">
    <p class='ocr_par' dir='ltr' id='par_1_1' title="bbox 573 293 1421 404">
     <span class='ocr_line' id='line_1_1' title="bbox 573 293 1421 404; baseline 0 -22"><span class='ocrx_word' id='word_1_1' title='bbox 573 334 623 382; x_wconf 83' lang='lat' dir='ltr'>nn</span> <span class='ocrx_word' id='word_1_2' title='bbox 650 331 777 384; x_wconf 76' lang='lat' dir='ltr'>ossus</span> <span class='ocrx_word' id='word_1_3' title='bbox 804 332 913 386; x_wconf 80' lang='lat' dir='ltr'>snnx.</span> <span class='ocrx_word' id='word_1_4' title='bbox 940 293 1092 404; x_wconf 46' lang='lat' dir='ltr'>1x,&#39;ar.&#39;²</span> <span class='ocrx_word' id='word_1_5' title='bbox 1169 315 1173 322; x_wconf 87' lang='lat'>&#39;</span> <span class='ocrx_word' id='word_1_6' title='bbox 1347 312 1421 382; x_wconf 85' lang='lat'>455</span> 
     </span>
    </p>
   </div>
   <div class='ocr_carea' id='block_1_2' title="bbox 119 515 1528 2165">
    <p class='ocr_par' dir='ltr' id='par_1_2' title="bbox 119 515 1528 2165">
     <span class='ocr_line' id='line_1_2' title="bbox 180 515 1420 616; baseline 0 -26"><span class='ocrx_word' id='word_1_7' title='bbox 180 519 262 592; x_wconf 88' lang='lat' dir='ltr'>licet</span> <span class='ocrx_word' id='word_1_8' title='bbox 287 517 421 615; x_wconf 82' lang='lat' dir='ltr'>gloriae</span> <span class='ocrx_word' id='word_1_9' title='bbox 447 539 535 588; x_wconf 82' lang='lat' dir='ltr'>suae</span> <span class='ocrx_word' id='word_1_10' title='bbox 560 541 635 590; x_wconf 92' lang='lat' dir='ltr'>non</span> <span class='ocrx_word' id='word_1_11' title='bbox 660 517 872 616; x_wconf 77' lang='lat' dir='ltr'>refragatus,</span> <span class='ocrx_word' id='word_1_12' title='bbox 898 516 1030 588; x_wconf 82' lang='lat' dir='ltr'>afuisse</span> <span class='ocrx_word' id='word_1_13' title='bbox 1048 539 1098 605; x_wconf 91' lang='lat' dir='ltr'>se,</span> <span class='ocrx_word' id='word_1_14' title='bbox 1124 515 1272 588; x_wconf 90' lang='lat' dir='ltr'>missum</span> <span class='ocrx_word' id='word_1_15' title='bbox 1298 517 1334 589; x_wconf 92' lang='lat' dir='ltr'>in</span> <span class='ocrx_word' id='word_1_16' title='bbox 1360 541 1420 590; x_wconf 88' lang='lat' dir='ltr'>ex·</span> 
     </span>
     <span class='ocr_line' id='line_1_3' title="bbox 179 626 1419 728; baseline 0 -27"><span class='ocrx_word' id='word_1_17' title='bbox 179 629 415 726; x_wconf 91' lang='lat' dir='ltr'>peditionem,</span> <span class='ocrx_word' id='word_1_18' title='bbox 448 628 650 728; x_wconf 24' lang='lat' dir='ltr'>memoriae·</span> <span class='ocrx_word' id='word_1_19' title='bbox 675 627 832 700; x_wconf 87' lang='lat' dir='ltr'>tradidit</span> <span class='ocrx_word' id='word_1_20' title='bbox 892 626 1010 698; x_wconf 88' lang='lat' dir='ltr'>Tanta</span> <span class='ocrx_word' id='word_1_21' title='bbox 1041 628 1328 724; x_wconf 77' lang='lat' dir='ltr'>componentium</span> <span class='ocrx_word' id='word_1_22' title='bbox 1361 655 1419 702; x_wconf 89' lang='lat' dir='ltr'>ve·</span> 
     </span>
     <span class='ocr_line' id='line_1_4' title="bbox 178 737 1419 835; baseline 0 -25"><span class='ocrx_word' id='word_1_23' title='bbox 178 749 277 810; x_wconf 82' lang='lat' dir='ltr'>tusta</span> <span class='ocrx_word' id='word_1_24' title='bbox 301 761 421 808; x_wconf 90' lang='lat' dir='ltr'>rerum</span> <span class='ocrx_word' id='word_1_25' title='bbox 447 749 680 814; x_wconf 90' lang='lat' dir='ltr'>monumenta</span> <span class='ocrx_word' id='word_1_26' title='bbox 706 739 764 811; x_wconf 86' lang='lat' dir='ltr'>vel</span> <span class='ocrx_word' id='word_1_27' title='bbox 792 738 975 827; x_wconf 81' lang='lat' dir='ltr'>securitas,</span> <span class='ocrx_word' id='word_1_28' title='bbox 1002 739 1060 810; x_wconf 92' lang='lat' dir='ltr'>vel</span> <span class='ocrx_word' id='word_1_29' title='bbox 1086 762 1150 835; x_wconf 87' lang='lat' dir='ltr'>par</span> <span class='ocrx_word' id='word_1_30' title='bbox 1176 737 1257 808; x_wconf 91' lang='lat' dir='ltr'>huic</span> <span class='ocrx_word' id='word_1_31' title='bbox 1284 739 1419 829; x_wconf 89' lang='lat' dir='ltr'>vitium,</span> 
     </span>
     <span class='ocr_line' id='line_1_5' title="bbox 178 845 479 920; baseline 0 0"><span class='ocrx_word' id='word_1_32' title='bbox 178 845 371 920; x_wconf 74' lang='lat' dir='ltr'>credulitas</span> <span class='ocrx_word' id='word_1_33' title='bbox 397 848 479 920; x_wconf 89' lang='lat' dir='ltr'>fuit!</span> 
     </span>
     <span class='ocr_line' id='line_1_6' title="bbox 119 957 1464 1056; baseline 0.003 -26"><span class='ocrx_word' id='word_1_34' title='bbox 119 978 158 1026; x_wconf 76' lang='grc' dir='ltr'>ιι</span> <span class='ocrx_word' id='word_1_35' title='bbox 281 957 379 1056; x_wconf 82' lang='lat' dir='ltr'>Rege</span> <span class='ocrx_word' id='word_1_36' title='bbox 405 959 441 1032; x_wconf 92' lang='lat' dir='ltr'>in</span> <span class='ocrx_word' id='word_1_37' title='bbox 469 959 740 1034; x_wconf 88' lang='lat' dir='ltr'>tabernaculum</span> <span class='ocrx_word' id='word_1_38' title='bbox 765 959 896 1049; x_wconf 90' lang='lat' dir='ltr'>relato,</span> <span class='ocrx_word' id='word_1_39' title='bbox 935 958 1063 1031; x_wconf 90' lang='lat' dir='ltr'>medici</span> <span class='ocrx_word' id='word_1_40' title='bbox 1089 959 1225 1054; x_wconf 87' lang='lat' dir='ltr'>lignum</span> <span class='ocrx_word' id='word_1_41' title='bbox 1264 961 1464 1056; x_wconf 76' lang='lat' dir='ltr'>sagittae2‘2</span> 
     </span>
     <span class='ocr_line' id='line_1_7' title="bbox 119 1067 1416 1167; baseline 0.006 -33"><span class='ocrx_word' id='word_1_42' title='bbox 119 1088 157 1135; x_wconf 81' lang='lat' dir='ltr'>as</span> <span class='ocrx_word' id='word_1_43' title='bbox 177 1071 318 1167; x_wconf 85' lang='lat' dir='ltr'>corpori</span> <span class='ocrx_word' id='word_1_44' title='bbox 343 1071 504 1160; x_wconf 91' lang='lat' dir='ltr'>infixum,</span> <span class='ocrx_word' id='word_1_45' title='bbox 530 1071 582 1142; x_wconf 89' lang='lat' dir='ltr'>ita</span> <span class='ocrx_word' id='word_1_46' title='bbox 598 1094 645 1142; x_wconf 94' lang='lat' dir='ltr'>ne</span> <span class='ocrx_word' id='word_1_47' title='bbox 662 1070 838 1166; x_wconf 89' lang='lat' dir='ltr'>spiculum</span> <span class='ocrx_word' id='word_1_48' title='bbox 854 1079 1070 1158; x_wconf 89' lang='lat' dir='ltr'>moveretur,</span> <span class='ocrx_word' id='word_1_49' title='bbox 1097 1067 1295 1142; x_wconf 85' lang='lat' dir='ltr'>abscidunt</span> <span class='ocrx_word' id='word_1_50' title='bbox 1332 1067 1416 1142; x_wconf 82' lang='lat' dir='ltr'>cor-</span> 
     </span>
     <span class='ocr_line' id='line_1_8' title="bbox 175 1177 1416 1278; baseline 0.001 -24"><span class='ocrx_word' id='word_1_51' title='bbox 175 1205 264 1278; x_wconf 92' lang='lat' dir='ltr'>pore</span> <span class='ocrx_word' id='word_1_52' title='bbox 289 1180 419 1256; x_wconf 92' lang='lat' dir='ltr'>deinde</span> <span class='ocrx_word' id='word_1_53' title='bbox 444 1180 597 1270; x_wconf 89' lang='lat' dir='ltr'>nudato,</span> <span class='ocrx_word' id='word_1_54' title='bbox 624 1177 918 1264; x_wconf 87' lang='lat' dir='ltr'>animadvertunt</span> <span class='ocrx_word' id='word_1_55' title='bbox 943 1181 1068 1252; x_wconf 89' lang='lat' dir='ltr'>hamos</span> <span class='ocrx_word' id='word_1_56' title='bbox 1094 1178 1210 1254; x_wconf 87' lang='lat' dir='ltr'>inesse</span> <span class='ocrx_word' id='word_1_57' title='bbox 1235 1179 1323 1271; x_wconf 91' lang='lat' dir='ltr'>telo,</span> <span class='ocrx_word' id='word_1_58' title='bbox 1349 1208 1416 1255; x_wconf 89' lang='lat' dir='ltr'>nec</span> 
     </span>
     <span class='ocr_line' id='line_1_9' title="bbox 177 1289 1418 1387; baseline 0 -24"><span class='ocrx_word' id='word_1_59' title='bbox 177 1291 281 1364; x_wconf 88' lang='lat' dir='ltr'>aliter</span> <span class='ocrx_word' id='word_1_60' title='bbox 306 1291 344 1364; x_wconf 92' lang='lat' dir='ltr'>id</span> <span class='ocrx_word' id='word_1_61' title='bbox 368 1291 446 1364; x_wconf 89' lang='lat' dir='ltr'>siue</span> <span class='ocrx_word' id='word_1_62' title='bbox 471 1289 627 1387; x_wconf 90' lang='lat' dir='ltr'>pernicie</span> <span class='ocrx_word' id='word_1_63' title='bbox 653 1291 813 1387; x_wconf 89' lang='lat' dir='ltr'>corporis</span> <span class='ocrx_word' id='word_1_64' title='bbox 840 1291 982 1364; x_wconf 81' lang='lat' dir='ltr'>extrahi</span> <span class='ocrx_word' id='word_1_65' title='bbox 1008 1315 1130 1387; x_wconf 87' lang='lat' dir='ltr'>posse,</span> <span class='ocrx_word' id='word_1_66' title='bbox 1165 1314 1273 1386; x_wconf 89' lang='lat' dir='ltr'>quam</span> <span class='ocrx_word' id='word_1_67' title='bbox 1300 1300 1340 1362; x_wconf 93' lang='lat' dir='ltr'>ut</span> <span class='ocrx_word' id='word_1_68' title='bbox 1365 1315 1418 1364; x_wconf 86' lang='lat' dir='ltr'>se·</span> 
     </span>
     <span class='ocr_line' id='line_1_10' title="bbox 122 1398 1528 1499; baseline 0.005 -30"><span class='ocrx_word' id='word_1_69' title='bbox 122 1421 160 1469; x_wconf 79' lang='grc' dir='ltr'>ιι</span> <span class='ocrx_word' id='word_1_70' title='bbox 179 1403 294 1486; x_wconf 86' lang='lat' dir='ltr'>cando</span> <span class='ocrx_word' id='word_1_71' title='bbox 321 1403 452 1475; x_wconf 88' lang='lat' dir='ltr'>vulnus</span> <span class='ocrx_word' id='word_1_72' title='bbox 478 1411 662 1499; x_wconf 86' lang='lat' dir='ltr'>augerent</span> <span class='ocrx_word' id='word_1_73' title='bbox 729 1398 897 1474; x_wconf 84' lang='lat' dir='ltr'>Ceterum</span> <span class='ocrx_word' id='word_1_74' title='bbox 928 1426 975 1474; x_wconf 93' lang='lat' dir='ltr'>ne</span> <span class='ocrx_word' id='word_1_75' title='bbox 1009 1411 1171 1474; x_wconf 74' lang='lat' dir='ltr'>secantes</span> <span class='ocrx_word' id='word_1_76' title='bbox 1204 1401 1418 1496; x_wconf 89' lang='lat' dir='ltr'>profluvium</span> <span class='ocrx_word' id='word_1_77' title='bbox 1526 1433 1528 1436; x_wconf 93' lang='lat'>·</span> 
     </span>
     <span class='ocr_line' id='line_1_11' title="bbox 178 1511 1417 1610; baseline 0.003 -26"><span class='ocrx_word' id='word_1_78' title='bbox 178 1511 360 1608; x_wconf 87' lang='lat' dir='ltr'>sanguinis</span> <span class='ocrx_word' id='word_1_79' title='bbox 387 1521 594 1609; x_wconf 87' lang='lat' dir='ltr'>occuparet,</span> <span class='ocrx_word' id='word_1_80' title='bbox 621 1513 857 1602; x_wconf 87' lang='lat' dir='ltr'>verebantur;</span> <span class='ocrx_word' id='word_1_81' title='bbox 890 1512 1022 1610; x_wconf 85' lang='lat' dir='ltr'>quippe</span> <span class='ocrx_word' id='word_1_82' title='bbox 1046 1511 1172 1608; x_wconf 85' lang='lat' dir='ltr'>ingens</span> <span class='ocrx_word' id='word_1_83' title='bbox 1198 1511 1310 1584; x_wconf 88' lang='lat' dir='ltr'>telum</span> <span class='ocrx_word' id='word_1_84' title='bbox 1335 1512 1417 1588; x_wconf 88' lang='lat' dir='ltr'>ada·</span> 
     </span>
     <span class='ocr_line' id='line_1_12' title="bbox 123 1617 1416 1721; baseline 0.007 -32"><span class='ocrx_word' id='word_1_85' title='bbox 123 1639 160 1688; x_wconf 80' lang='grc' dir='ltr'>ιι</span> <span class='ocrx_word' id='word_1_86' title='bbox 178 1631 276 1693; x_wconf 89' lang='lat' dir='ltr'>ctum</span> <span class='ocrx_word' id='word_1_87' title='bbox 303 1631 397 1713; x_wconf 89' lang='lat' dir='ltr'>erat,</span> <span class='ocrx_word' id='word_1_88' title='bbox 423 1632 461 1695; x_wconf 92' lang='lat' dir='ltr'>et</span> <span class='ocrx_word' id='word_1_89' title='bbox 486 1632 697 1721; x_wconf 85' lang='lat' dir='ltr'>penetrasse</span> <span class='ocrx_word' id='word_1_90' title='bbox 723 1624 759 1695; x_wconf 93' lang='lat' dir='ltr'>in</span> <span class='ocrx_word' id='word_1_91' title='bbox 786 1622 925 1696; x_wconf 86' lang='lat' dir='ltr'>viscera</span> <span class='ocrx_word' id='word_1_92' title='bbox 950 1620 1150 1695; x_wconf 88' lang='lat' dir='ltr'>videbatur.</span> <span class='ocrx_word' id='word_1_93' title='bbox 1204 1617 1416 1716; x_wconf 83' lang='lat' dir='ltr'>Critobulus,</span> 
     </span>
     <span class='ocr_line' id='line_1_13' title="bbox 176 1731 1416 1828; baseline 0.003 -25"><span class='ocrx_word' id='word_1_94' title='bbox 176 1731 270 1804; x_wconf 90' lang='lat' dir='ltr'>inter</span> <span class='ocrx_word' id='word_1_95' title='bbox 295 1731 452 1806; x_wconf 91' lang='lat' dir='ltr'>medicos</span> <span class='ocrx_word' id='word_1_96' title='bbox 478 1734 566 1806; x_wconf 88' lang='lat' dir='ltr'>artis</span> <span class='ocrx_word' id='word_1_97' title='bbox 592 1733 760 1823; x_wconf 85' lang='lat' dir='ltr'>eximiae,</span> <span class='ocrx_word' id='word_1_98' title='bbox 794 1731 860 1806; x_wconf 89' lang='lat' dir='ltr'>sed</span> <span class='ocrx_word' id='word_1_99' title='bbox 883 1733 922 1804; x_wconf 92' lang='lat' dir='ltr'>in</span> <span class='ocrx_word' id='word_1_100' title='bbox 948 1741 1050 1804; x_wconf 89' lang='lat' dir='ltr'>tanto</span> <span class='ocrx_word' id='word_1_101' title='bbox 1077 1731 1234 1828; x_wconf 88' lang='lat' dir='ltr'>periculo</span> <span class='ocrx_word' id='word_1_102' title='bbox 1261 1734 1416 1826; x_wconf 89' lang='lat' dir='ltr'>territus,</span> 
     </span>
     <span class='ocr_line' id='line_1_14' title="bbox 178 1841 1416 1942; baseline 0.005 -28"><span class='ocrx_word' id='word_1_103' title='bbox 178 1841 337 1940; x_wconf 87' lang='lat' dir='ltr'>[manus]</span> <span class='ocrx_word' id='word_1_104' title='bbox 364 1841 558 1916; x_wconf 85' lang='lat' dir='ltr'>admovere</span> <span class='ocrx_word' id='word_1_105' title='bbox 576 1844 770 1934; x_wconf 79' lang='lat' dir='ltr'>metuebat,</span> <span class='ocrx_word' id='word_1_106' title='bbox 797 1867 844 1916; x_wconf 91' lang='lat' dir='ltr'>ne</span> <span class='ocrx_word' id='word_1_107' title='bbox 862 1843 899 1916; x_wconf 93' lang='lat' dir='ltr'>in</span> <span class='ocrx_word' id='word_1_108' title='bbox 920 1843 1031 1939; x_wconf 88' lang='lat' dir='ltr'>ipsius</span> <span class='ocrx_word' id='word_1_109' title='bbox 1050 1851 1160 1940; x_wconf 90' lang='lat' dir='ltr'>eaput</span> <span class='ocrx_word' id='word_1_110' title='bbox 1184 1867 1311 1940; x_wconf 88' lang='lat' dir='ltr'>parum</span> <span class='ocrx_word' id='word_1_111' title='bbox 1337 1869 1416 1942; x_wconf 92' lang='lat' dir='ltr'>pro·</span> 
     </span>
     <span class='ocr_line' id='line_1_15' title="bbox 122 1950 1421 2050; baseline 0.008 -30"><span class='ocrx_word' id='word_1_112' title='bbox 122 1971 157 2021; x_wconf 82' lang='lat' dir='ltr'>ao</span> <span class='ocrx_word' id='word_1_113' title='bbox 177 1977 303 2050; x_wconf 87' lang='lat' dir='ltr'>sperae</span> <span class='ocrx_word' id='word_1_114' title='bbox 329 1953 522 2026; x_wconf 85' lang='lat' dir='ltr'>curationis</span> <span class='ocrx_word' id='word_1_115' title='bbox 556 1953 733 2028; x_wconf 86' lang='lat' dir='ltr'>recideret</span> <span class='ocrx_word' id='word_1_116' title='bbox 761 1965 922 2028; x_wconf 85' lang='lat' dir='ltr'>eventus.</span> <span class='ocrx_word' id='word_1_117' title='bbox 974 1950 1236 2026; x_wconf 84' lang='lat' dir='ltr'>Lacrimantem</span> <span class='ocrx_word' id='word_1_118' title='bbox 1269 1979 1349 2028; x_wconf 90' lang='lat' dir='ltr'>eum</span> <span class='ocrx_word' id='word_1_119' title='bbox 1375 1982 1421 2030; x_wconf 89' lang='lat' dir='ltr'>ac</span> 
     </span>
     <span class='ocr_line' id='line_1_16' title="bbox 177 2064 1417 2165; baseline 0.005 -29"><span class='ocrx_word' id='word_1_120' title='bbox 177 2072 397 2138; x_wconf 84' lang='lat' dir='ltr'>metuentem</span> <span class='ocrx_word' id='word_1_121' title='bbox 436 2074 474 2138; x_wconf 90' lang='lat' dir='ltr'>et</span> <span class='ocrx_word' id='word_1_122' title='bbox 502 2064 755 2148; x_wconf 38' lang='lat' dir='ltr'>,sollicitudine</span> <span class='ocrx_word' id='word_1_123' title='bbox 793 2065 1055 2165; x_wconf 90' lang='lat' dir='ltr'>propemodum</span> <span class='ocrx_word' id='word_1_124' title='bbox 1093 2088 1313 2164; x_wconf 86' lang='lat' dir='ltr'>exsanguem</span> <span class='ocrx_word' id='word_1_125' title='bbox 1349 2093 1417 2142; x_wconf 93' lang='lat' dir='ltr'>rex</span> 
     </span>
    </p>
   </div>
   <div class='ocr_carea' id='block_1_3' title="bbox 97 2235 1530 4507">
    <p class='ocr_par' dir='ltr' id='par_1_3' title="bbox 97 2235 1418 2916">
     <span class='ocr_line' id='line_1_17' title="bbox 175 2235 1416 2328; baseline 0.002 -29"><span class='ocrx_word' id='word_1_126' title='bbox 175 2235 280 2300; x_wconf 78' lang='lat' dir='ltr'>leudem</span> <span class='ocrx_word' id='word_1_127' title='bbox 296 2235 377 2318; x_wconf 85' lang='lat' dir='ltr'>longo</span> <span class='ocrx_word' id='word_1_128' title='bbox 399 2251 464 2317; x_wconf 87' lang='lat' dir='ltr'>post</span> <span class='ocrx_word' id='word_1_129' title='bbox 486 2245 627 2301; x_wconf 79' lang='lat' dir='ltr'>intervallo</span> <span class='ocrx_word' id='word_1_130' title='bbox 644 2245 780 2315; x_wconf 79' lang='lat' dir='ltr'>(nimirum</span> <span class='ocrx_word' id='word_1_131' title='bbox 812 2244 891 2320; x_wconf 80' lang='lat' dir='ltr'>paulo</span> <span class='ocrx_word' id='word_1_132' title='bbox 908 2255 971 2302; x_wconf 86' lang='lat' dir='ltr'>ante</span> <span class='ocrx_word' id='word_1_133' title='bbox 995 2247 1049 2319; x_wconf 83' lang='lat' dir='ltr'>legi</span> <span class='ocrx_word' id='word_1_134' title='bbox 1066 2255 1198 2320; x_wconf 83' lang='lat' dir='ltr'>poterant</span> <span class='ocrx_word' id='word_1_135' title='bbox 1241 2248 1369 2328; x_wconf 80' lang='lat' dir='ltr'>Equidem</span> <span class='ocrx_word' id='word_1_136' title='bbox 1388 2248 1416 2302; x_wconf 93' lang='lat' dir='ltr'>in</span> 
     </span>
     <span class='ocr_line' id='line_1_18' title="bbox 175 2314 1418 2388; baseline 0.004 -21"><span class='ocrx_word' id='word_1_137' title='bbox 175 2331 231 2368; x_wconf 92' lang='lat' dir='ltr'>non</span> <span class='ocrx_word' id='word_1_138' title='bbox 246 2316 331 2370; x_wconf 81' lang='lat' dir='ltr'>mrdto</span> <span class='ocrx_word' id='word_1_139' title='bbox 349 2323 413 2370; x_wconf 80' lang='lat' dir='ltr'>ente</span> <span class='ocrx_word' id='word_1_140' title='bbox 428 2314 566 2370; x_wconf 77' lang='lat' dir='ltr'>Clinistum</span> <span class='ocrx_word' id='word_1_141' title='bbox 578 2319 683 2384; x_wconf 78' lang='lat' dir='ltr'>natum)</span> <span class='ocrx_word' id='word_1_142' title='bbox 700 2331 780 2369; x_wconf 87' lang='lat' dir='ltr'>reno·</span> <span class='ocrx_word' id='word_1_143' title='bbox 812 2316 887 2371; x_wconf 89' lang='lat' dir='ltr'>nullo</span> <span class='ocrx_word' id='word_1_144' title='bbox 904 2317 997 2372; x_wconf 88' lang='lat' dir='ltr'>codiee</span> <span class='ocrx_word' id='word_1_145' title='bbox 1013 2325 1123 2388; x_wconf 79' lang='lat' dir='ltr'>praeter</span> <span class='ocrx_word' id='word_1_146' title='bbox 1139 2317 1255 2386; x_wconf 66' lang='lat' dir='ltr'>Vocet,</span> <span class='ocrx_word' id='word_1_147' title='bbox 1274 2334 1302 2370; x_wconf 90' lang='grc' dir='ltr'>ιιι</span> <span class='ocrx_word' id='word_1_148' title='bbox 1319 2333 1372 2388; x_wconf 86' lang='lat' dir='ltr'>quo</span> <span class='ocrx_word' id='word_1_149' title='bbox 1389 2325 1418 2371; x_wconf 89' lang='lat' dir='ltr'>et</span> 
     </span>
     <span class='ocr_line' id='line_1_19' title="bbox 174 2381 1417 2458; baseline 0.004 -23"><span class='ocrx_word' id='word_1_150' title='bbox 174 2381 262 2450; x_wconf 79' lang='lat' dir='ltr'>ravit,</span> <span class='ocrx_word' id='word_1_151' title='bbox 297 2399 390 2454; x_wconf 84' lang='lat' dir='ltr'>opere·</span> <span class='ocrx_word' id='word_1_152' title='bbox 403 2383 498 2454; x_wconf 88' lang='lat' dir='ltr'>opinor</span> <span class='ocrx_word' id='word_1_153' title='bbox 522 2382 681 2452; x_wconf 70' lang='grc' dir='ltr'><strong>βασιλέων,</strong></span> <span class='ocrx_word' id='word_1_154' title='bbox 707 2384 779 2456; x_wconf 90' lang='lat' dir='ltr'>quod</span> <span class='ocrx_word' id='word_1_155' title='bbox 813 2384 874 2438; x_wconf 87' lang='lat' dir='ltr'>iso</span> <span class='ocrx_word' id='word_1_156' title='bbox 891 2387 1003 2456; x_wconf 71' lang='lat' dir='ltr'>sapietur</span> <span class='ocrx_word' id='word_1_157' title='bbox 1025 2385 1231 2458; x_wconf 82' lang='lat' dir='ltr'>superscriptum</span> <span class='ocrx_word' id='word_1_158' title='bbox 1249 2392 1311 2452; x_wconf 82' lang='lat' dir='ltr'>est,</span> <span class='ocrx_word' id='word_1_159' title='bbox 1326 2393 1417 2440; x_wconf 84' lang='lat' dir='ltr'>extare</span> 
     </span>
     <span class='ocr_line' id='line_1_20' title="bbox 175 2449 1417 2522; baseline 0.002 -18"><span class='ocrx_word' id='word_1_160' title='bbox 175 2449 325 2522; x_wconf 81' lang='lat' dir='ltr'>Stephanus</span> <span class='ocrx_word' id='word_1_161' title='bbox 350 2451 416 2520; x_wconf 70' lang='lat' dir='ltr'>Byr.</span> <span class='ocrx_word' id='word_1_162' title='bbox 443 2469 465 2506; x_wconf 85' lang='lat' dir='ltr'>e.</span> <span class='ocrx_word' id='word_1_163' title='bbox 490 2453 529 2506; x_wconf 78' lang='lat' dir='ltr'>v.&#39;</span> <span class='ocrx_word' id='word_1_164' title='bbox 547 2449 657 2508; x_wconf 77' lang='grc' dir='ltr'><strong>Μιλύαι</strong></span> <span class='ocrx_word' id='word_1_165' title='bbox 681 2449 779 2506; x_wconf 77' lang='lat' dir='ltr'>laudat</span> <span class='ocrx_word' id='word_1_166' title='bbox 830 2462 906 2507; x_wconf 79' lang='lat' dir='ltr'>ortae</span> <span class='ocrx_word' id='word_1_167' title='bbox 992 2453 1043 2507; x_wconf 78' lang='lat' dir='ltr'>ovi</span> <span class='ocrx_word' id='word_1_168' title='bbox 1068 2451 1157 2508; x_wconf 85' lang='lat' dir='ltr'>Porro</span> <span class='ocrx_word' id='word_1_169' title='bbox 1173 2455 1341 2509; x_wconf 76' lang='lat' dir='ltr'>abscidente</span> <span class='ocrx_word' id='word_1_170' title='bbox 1360 2453 1417 2507; x_wconf 89' lang='lat' dir='ltr'>timi</span> 
     </span>
     <span class='ocr_line' id='line_1_21' title="bbox 97 2471 1416 2578; baseline 0.003 -6"><span class='ocrx_word' id='word_1_171' title='bbox 97 2535 100 2542; x_wconf 89' lang='grc'>·</span> <span class='ocrx_word' id='word_1_172' title='bbox 176 2518 217 2572; x_wconf 74' lang='lat' dir='ltr'>Cf.</span> <span class='ocrx_word' id='word_1_173' title='bbox 235 2521 269 2573; x_wconf 92' lang='lat' dir='ltr'>de</span> <span class='ocrx_word' id='word_1_174' title='bbox 285 2519 341 2574; x_wconf 84' lang='lat' dir='ltr'>eius</span> <span class='ocrx_word' id='word_1_175' title='bbox 366 2519 423 2574; x_wconf 78' lang='lat' dir='ltr'>vite</span> <span class='ocrx_word' id='word_1_176' title='bbox 448 2527 480 2574; x_wconf 86' lang='lat' dir='ltr'>nt</span> <span class='ocrx_word' id='word_1_177' title='bbox 501 2519 673 2574; x_wconf 80' lang='grc' dir='ltr'><strong>ιιοιίιιίιιιιιιιι</strong></span> <span class='ocrx_word' id='word_1_178' title='bbox 693 2520 780 2574; x_wconf 83' lang='lat' dir='ltr'>nomi·</span> <span class='ocrx_word' id='word_1_179' title='bbox 812 2521 891 2576; x_wconf 85' lang='lat' dir='ltr'>codd.</span> <span class='ocrx_word' id='word_1_180' title='bbox 908 2521 958 2577; x_wconf 85' lang='lat' dir='ltr'>Lei</span> <span class='ocrx_word' id='word_1_181' title='bbox 977 2561 984 2576; x_wconf 93' lang='lat'><em>.</em></span> <span class='ocrx_word' id='word_1_182' title='bbox 1000 2521 1103 2576; x_wconf 82' lang='lat' dir='ltr'>Vossl</span> <span class='ocrx_word' id='word_1_183' title='bbox 1123 2521 1253 2576; x_wconf 69' lang='lat' dir='ltr'>mosen</span> <span class='ocrx_word' id='word_1_184' title='bbox 1271 2539 1331 2578; x_wconf 86' lang='lat' dir='ltr'>eum</span> <span class='ocrx_word' id='word_1_185' title='bbox 1341 2471 1416 2576; x_wconf 71' lang='lat' dir='ltr'>llos.</span> 
     </span>
     <span class='ocr_line' id='line_1_22' title="bbox 175 2585 1416 2662; baseline 0.002 -22"><span class='ocrx_word' id='word_1_186' title='bbox 175 2605 235 2640; x_wconf 89' lang='lat' dir='ltr'>nem</span> <span class='ocrx_word' id='word_1_187' title='bbox 259 2588 428 2642; x_wconf 73' lang='lat' dir='ltr'>Weicterram</span> <span class='ocrx_word' id='word_1_188' title='bbox 450 2587 478 2641; x_wconf 90' lang='lat' dir='ltr'>in</span> <span class='ocrx_word' id='word_1_189' title='bbox 503 2587 608 2642; x_wconf 78' lang='lat' dir='ltr'>dissert</span> <span class='ocrx_word' id='word_1_190' title='bbox 626 2589 660 2641; x_wconf 85' lang='lat' dir='ltr'>de</span> <span class='ocrx_word' id='word_1_191' title='bbox 677 2585 780 2642; x_wconf 79' lang='lat' dir='ltr'>Iarbita</span> <span class='ocrx_word' id='word_1_192' title='bbox 814 2587 863 2642; x_wconf 89' lang='lat' dir='ltr'>GI.</span> <span class='ocrx_word' id='word_1_193' title='bbox 891 2589 988 2662; x_wconf 85' lang='lat' dir='ltr'>Neque</span> <span class='ocrx_word' id='word_1_194' title='bbox 1005 2590 1093 2661; x_wconf 74' lang='lat' dir='ltr'>placet</span> <span class='ocrx_word' id='word_1_195' title='bbox 1110 2589 1201 2660; x_wconf 85' lang='lat' dir='ltr'>utique</span> <span class='ocrx_word' id='word_1_196' title='bbox 1217 2590 1261 2644; x_wconf 80' lang='lat' dir='ltr'>vul</span> <span class='ocrx_word' id='word_1_197' title='bbox 1297 2598 1353 2643; x_wconf 88' lang='lat' dir='ltr'>tum</span> <span class='ocrx_word' id='word_1_198' title='bbox 1369 2591 1416 2643; x_wconf 84' lang='lat' dir='ltr'>ab·</span> 
     </span>
     <span class='ocr_line' id='line_1_23' title="bbox 176 2655 1417 2730; baseline 0.003 -22"><span class='ocrx_word' id='word_1_199' title='bbox 176 2655 330 2726; x_wconf 72' lang='lat' dir='ltr'>Timagenis</span> <span class='ocrx_word' id='word_1_200' title='bbox 346 2655 518 2724; x_wconf 71' lang='lat' dir='ltr'>sommatore,</span> <span class='ocrx_word' id='word_1_201' title='bbox 535 2656 636 2711; x_wconf 79' lang='lat' dir='ltr'>inserts</span> <span class='ocrx_word' id='word_1_202' title='bbox 652 2655 680 2710; x_wconf 90' lang='lat' dir='ltr'>in</span> <span class='ocrx_word' id='word_1_203' title='bbox 697 2655 781 2711; x_wconf 68' lang='lat' dir='ltr'>cium.</span> <span class='ocrx_word' id='word_1_204' title='bbox 813 2659 936 2712; x_wconf 64' lang='lat' dir='ltr'>randum</span> <span class='ocrx_word' id='word_1_205' title='bbox 957 2673 1048 2712; x_wconf 73' lang='lat' dir='ltr'>mneos</span> <span class='ocrx_word' id='word_1_206' title='bbox 1069 2675 1161 2725; x_wconf 71' lang='lat' dir='ltr'>muse,</span> <span class='ocrx_word' id='word_1_207' title='bbox 1183 2658 1252 2730; x_wconf 85' lang='lat' dir='ltr'>siqui</span> <span class='ocrx_word' id='word_1_208' title='bbox 1333 2659 1417 2712; x_wconf 81' lang='lat' dir='ltr'>omnis</span> 
     </span>
     <span class='ocr_line' id='line_1_24' title="bbox 175 2723 1417 2806; baseline 0.002 -28"><span class='ocrx_word' id='word_1_209' title='bbox 175 2723 304 2806; x_wconf 85' lang='lat' dir='ltr'>Reliquiis</span> <span class='ocrx_word' id='word_1_210' title='bbox 321 2729 395 2796; x_wconf 67' lang='lat' dir='ltr'>poet.</span> <span class='ocrx_word' id='word_1_211' title='bbox 412 2724 473 2780; x_wconf 79' lang='lat' dir='ltr'>Lat.</span> <span class='ocrx_word' id='word_1_212' title='bbox 491 2744 517 2798; x_wconf 89' lang='lat' dir='ltr'>p.</span> <span class='ocrx_word' id='word_1_213' title='bbox 534 2732 585 2780; x_wconf 76' lang='lat'>898</span> <span class='ocrx_word' id='word_1_214' title='bbox 603 2743 664 2796; x_wconf 80' lang='lat' dir='ltr'>sqq.</span> <span class='ocrx_word' id='word_1_215' title='bbox 814 2725 974 2796; x_wconf 76' lang='lat' dir='ltr'>significatio</span> <span class='ocrx_word' id='word_1_216' title='bbox 991 2726 1030 2780; x_wconf 84' lang='lat' dir='ltr'>vis</span> <span class='ocrx_word' id='word_1_217' title='bbox 1046 2727 1277 2794; x_wconf 80' lang='lat' dir='ltr'>acvshementiae,</span> <span class='ocrx_word' id='word_1_218' title='bbox 1293 2744 1361 2798; x_wconf 89' lang='lat' dir='ltr'>quse</span> <span class='ocrx_word' id='word_1_219' title='bbox 1377 2727 1417 2780; x_wconf 93' lang='lat' dir='ltr'>in-</span> 
     </span>
     <span class='ocr_line' id='line_1_25' title="bbox 194 2793 1417 2916; baseline 0.002 -70"><span class='ocrx_word' id='word_1_220' title='bbox 194 2795 306 2872; x_wconf 46' lang='lat' dir='ltr'>·scrlieer</span> <span class='ocrx_word' id='word_1_221' title='bbox 312 2793 781 2916; x_wconf 60' lang='lat' dir='ltr'>plorioesuaeaonrq‘mpaffi-</span> <span class='ocrx_word' id='word_1_222' title='bbox 815 2801 858 2847; x_wconf 88' lang='lat' dir='ltr'>est</span> <span class='ocrx_word' id='word_1_223' title='bbox 880 2793 906 2847; x_wconf 90' lang='lat' dir='ltr'>in</span> <span class='ocrx_word' id='word_1_224' title='bbox 923 2796 1014 2861; x_wconf 82' lang='lat' dir='ltr'>verbo,</span> <span class='ocrx_word' id='word_1_225' title='bbox 1032 2795 1123 2848; x_wconf 76' lang='lat' dir='ltr'>abesse</span> <span class='ocrx_word' id='word_1_226' title='bbox 1139 2795 1220 2849; x_wconf 88' lang='lat' dir='ltr'>debet</span> <span class='ocrx_word' id='word_1_227' title='bbox 1230 2796 1264 2848; x_wconf 84' lang='lat' dir='ltr'>sb</span> <span class='ocrx_word' id='word_1_228' title='bbox 1281 2795 1417 2849; x_wconf 86' lang='lat' dir='ltr'>hocloco.</span> 
     </span>
    </p>

    <p class='ocr_par' dir='ltr' id='par_1_4' title="bbox 174 2860 1530 3338">
     <span class='ocr_line' id='line_1_26' title="bbox 174 2860 1530 2930; baseline 0.001 -16"><span class='ocrx_word' id='word_1_229' title='bbox 174 2860 417 2918; x_wconf 80' lang='lat' dir='ltr'>hrlmutenteodd.</span> <span class='ocrx_word' id='word_1_230' title='bbox 431 2877 466 2914; x_wconf 88' lang='lat' dir='ltr'>ne</span> <span class='ocrx_word' id='word_1_231' title='bbox 474 2861 568 2916; x_wconf 83' lang='lat' dir='ltr'>Medio</span> <span class='ocrx_word' id='word_1_232' title='bbox 582 2862 662 2915; x_wconf 84' lang='lat' dir='ltr'>fidem</span> <span class='ocrx_word' id='word_1_233' title='bbox 772 2901 781 2930; x_wconf 92' lang='lat'>,</span> <span class='ocrx_word' id='word_1_234' title='bbox 851 2866 876 2929; x_wconf 77' lang='lat' dir='ltr'>s.</span> <span class='ocrx_word' id='word_1_235' title='bbox 901 2868 944 2918; x_wconf 77' lang='lat'>25.</span> <span class='ocrx_word' id='word_1_236' title='bbox 982 2863 1131 2918; x_wconf 62' lang='lat' dir='ltr'>Critobulus</span> <span class='ocrx_word' id='word_1_237' title='bbox 1160 2863 1188 2916; x_wconf 91' lang='lat' dir='ltr'>in</span> <span class='ocrx_word' id='word_1_238' title='bbox 1212 2871 1279 2917; x_wconf 80' lang='lat' dir='ltr'>vett</span> <span class='ocrx_word' id='word_1_239' title='bbox 1305 2864 1363 2916; x_wconf 89' lang='lat' dir='ltr'>edd.</span> <span class='ocrx_word' id='word_1_240' title='bbox 1389 2873 1418 2918; x_wconf 91' lang='lat' dir='ltr'>et</span> <span class='ocrx_word' id='word_1_241' title='bbox 1529 2911 1530 2916; x_wconf 73' lang='grc'>,</span> 
     </span>
     <span class='ocr_line' id='line_1_27' title="bbox 175 2929 1415 2986; baseline 0.002 -4"><span class='ocrx_word' id='word_1_242' title='bbox 175 2929 267 2982; x_wconf 85' lang='lat' dir='ltr'>abesse</span> <span class='ocrx_word' id='word_1_243' title='bbox 289 2947 374 2983; x_wconf 82' lang='lat' dir='ltr'>aona</span> <span class='ocrx_word' id='word_1_244' title='bbox 400 2929 559 2984; x_wconf 79' lang='lat' dir='ltr'>membranis</span> <span class='ocrx_word' id='word_1_245' title='bbox 578 2929 692 2984; x_wconf 84' lang='lat' dir='ltr'>notanti.</span> <span class='ocrx_word' id='word_1_246' title='bbox 725 2929 782 2984; x_wconf 85' lang='lat' dir='ltr'>Ex·</span> <span class='ocrx_word' id='word_1_247' title='bbox 815 2949 832 2984; x_wconf 92' lang='lat' dir='ltr'>o</span> <span class='ocrx_word' id='word_1_248' title='bbox 852 2929 923 2984; x_wconf 90' lang='lat' dir='ltr'>timis</span> <span class='ocrx_word' id='word_1_249' title='bbox 948 2931 1004 2985; x_wconf 85' lang='lat' dir='ltr'>sere</span> <span class='ocrx_word' id='word_1_250' title='bbox 1020 2949 1080 2984; x_wconf 87' lang='lat' dir='ltr'>mss.</span> <span class='ocrx_word' id='word_1_251' title='bbox 1098 2941 1139 2985; x_wconf 83' lang='lat' dir='ltr'>est</span> <span class='ocrx_word' id='word_1_252' title='bbox 1157 2930 1319 2986; x_wconf 73' lang='lat' dir='ltr'>critobolus:</span> <span class='ocrx_word' id='word_1_253' title='bbox 1336 2932 1415 2984; x_wconf 86' lang='lat' dir='ltr'>Bern.</span> 
     </span>
     <span class='ocr_line' id='line_1_28' title="bbox 176 2996 1417 3079; baseline 0.002 -29"><span class='ocrx_word' id='word_1_254' title='bbox 176 2996 246 3069; x_wconf 82' lang='lat' dir='ltr'>plica</span> <span class='ocrx_word' id='word_1_255' title='bbox 265 2996 360 3068; x_wconf 75' lang='lat' dir='ltr'>igitur:</span> <span class='ocrx_word' id='word_1_256' title='bbox 387 2996 432 3068; x_wconf 88' lang='lat' dir='ltr'>qui</span> <span class='ocrx_word' id='word_1_257' title='bbox 459 2997 567 3079; x_wconf 88' lang='lat' dir='ltr'>quidem</span> <span class='ocrx_word' id='word_1_258' title='bbox 592 2997 657 3052; x_wconf 73' lang='lat' dir='ltr'>alins</span> <span class='ocrx_word' id='word_1_259' title='bbox 682 2997 782 3068; x_wconf 80' lang='lat' dir='ltr'>glos-ise</span> <span class='ocrx_word' id='word_1_260' title='bbox 857 3005 887 3052; x_wconf 88' lang='lat' dir='ltr'>et</span> <span class='ocrx_word' id='word_1_261' title='bbox 904 2999 983 3053; x_wconf 73' lang='lat' dir='ltr'>Voss</span> <span class='ocrx_word' id='word_1_262' title='bbox 1004 3006 1020 3053; x_wconf 81' lang='lat'>2</span> <span class='ocrx_word' id='word_1_263' title='bbox 1043 2999 1123 3052; x_wconf 84' lang='lat' dir='ltr'>etism</span> <span class='ocrx_word' id='word_1_264' title='bbox 1139 2999 1263 3054; x_wconf 78' lang='lat' dir='ltr'>Critolur.</span> <span class='ocrx_word' id='word_1_265' title='bbox 1297 2999 1341 3052; x_wconf 92' lang='lat' dir='ltr'>De</span> <span class='ocrx_word' id='word_1_266' title='bbox 1358 2999 1417 3054; x_wconf 86' lang='lat' dir='ltr'>Cri·</span> 
     </span>
     <span class='ocr_line' id='line_1_29' title="bbox 174 3065 1417 3139; baseline 0.003 -21"><span class='ocrx_word' id='word_1_267' title='bbox 174 3081 238 3118; x_wconf 81' lang='lat' dir='ltr'>suae</span> <span class='ocrx_word' id='word_1_268' title='bbox 265 3083 319 3120; x_wconf 88' lang='lat' dir='ltr'>non</span> <span class='ocrx_word' id='word_1_269' title='bbox 344 3065 472 3136; x_wconf 72' lang='lat' dir='ltr'>mbsgan</span> <span class='ocrx_word' id='word_1_270' title='bbox 498 3066 592 3122; x_wconf 85' lang='lat' dir='ltr'>solitus</span> <span class='ocrx_word' id='word_1_271' title='bbox 609 3074 665 3134; x_wconf 83' lang='lat' dir='ltr'>est,</span> <span class='ocrx_word' id='word_1_272' title='bbox 692 3065 782 3120; x_wconf 82' lang='lat' dir='ltr'>Germ</span> <span class='ocrx_word' id='word_1_273' title='bbox 816 3065 902 3120; x_wconf 88' lang='lat' dir='ltr'>tobuli</span> <span class='ocrx_word' id='word_1_274' title='bbox 927 3067 1007 3120; x_wconf 78' lang='lat' dir='ltr'>leude</span> <span class='ocrx_word' id='word_1_275' title='bbox 1029 3067 1075 3138; x_wconf 89' lang='lat' dir='ltr'>qui</span> <span class='ocrx_word' id='word_1_276' title='bbox 1096 3066 1185 3139; x_wconf 86' lang='lat' dir='ltr'>Philip</span> <span class='ocrx_word' id='word_1_277' title='bbox 1204 3085 1248 3122; x_wconf 89' lang='lat' dir='ltr'>nm</span> <span class='ocrx_word' id='word_1_278' title='bbox 1272 3067 1417 3122; x_wconf 79' lang='lat' dir='ltr'>Alexandri</span> 
     </span>
     <span class='ocr_line' id='line_1_30' title="bbox 174 3133 1417 3204; baseline 0.002 -17"><span class='ocrx_word' id='word_1_279' title='bbox 174 3139 214 3188; x_wconf 80' lang='grc' dir='ltr'>ιιι</span> <span class='ocrx_word' id='word_1_280' title='bbox 235 3133 290 3200; x_wconf 71' lang='grc' dir='ltr'><strong>ιιι)</strong></span> <span class='ocrx_word' id='word_1_281' title='bbox 308 3135 387 3202; x_wconf 78' lang='lat' dir='ltr'>noti,</span> <span class='ocrx_word' id='word_1_282' title='bbox 416 3137 490 3190; x_wconf 79' lang='lat' dir='ltr'>metae</span> <span class='ocrx_word' id='word_1_283' title='bbox 507 3135 555 3204; x_wconf 67' lang='lat' dir='ltr'>td),</span> <span class='ocrx_word' id='word_1_284' title='bbox 583 3135 666 3203; x_wconf 75' lang='grc' dir='ltr'><strong>ῐιιιιιιιι</strong></span> <span class='ocrx_word' id='word_1_285' title='bbox 687 3136 780 3203; x_wconf 72' lang='lat' dir='ltr'>dicture</span> <span class='ocrx_word' id='word_1_286' title='bbox 849 3143 916 3189; x_wconf 78' lang='lat' dir='ltr'>aem</span> <span class='ocrx_word' id='word_1_287' title='bbox 933 3142 1085 3204; x_wconf 77' lang='lat' dir='ltr'>curaverat,</span> <span class='ocrx_word' id='word_1_288' title='bbox 1110 3135 1171 3189; x_wconf 85' lang='lat' dir='ltr'>vide</span> <span class='ocrx_word' id='word_1_289' title='bbox 1212 3135 1302 3189; x_wconf 83' lang='lat' dir='ltr'>linium</span> <span class='ocrx_word' id='word_1_290' title='bbox 1318 3136 1345 3189; x_wconf 89' lang='lat' dir='ltr'>in</span> <span class='ocrx_word' id='word_1_291' title='bbox 1362 3145 1417 3190; x_wconf 84' lang='lat' dir='ltr'>nat.</span> 
     </span>
     <span class='ocr_line' id='line_1_31' title="bbox 174 3201 1417 3273; baseline 0.002 -16"><span class='ocrx_word' id='word_1_292' title='bbox 174 3201 236 3270; x_wconf 74' lang='lat' dir='ltr'>nlrtt</span> <span class='ocrx_word' id='word_1_293' title='bbox 253 3209 364 3273; x_wconf 63' lang='lat' dir='ltr'>turgeret</span> <span class='ocrx_word' id='word_1_294' title='bbox 380 3215 457 3258; x_wconf 68' lang='lat' dir='ltr'>aar„</span> <span class='ocrx_word' id='word_1_295' title='bbox 835 3202 841 3215; x_wconf 89' lang='grc'><em>“</em></span> <span class='ocrx_word' id='word_1_296' title='bbox 893 3218 949 3270; x_wconf 86' lang='lat' dir='ltr'>vn,</span> <span class='ocrx_word' id='word_1_297' title='bbox 971 3211 1013 3260; x_wconf 75' lang='grc' dir='ltr'>ιι.</span> <span class='ocrx_word' id='word_1_298' title='bbox 1049 3202 1104 3258; x_wconf 84' lang='lat' dir='ltr'>Sed</span> <span class='ocrx_word' id='word_1_299' title='bbox 1124 3203 1180 3258; x_wconf 85' lang='lat' dir='ltr'>eius</span> <span class='ocrx_word' id='word_1_300' title='bbox 1201 3204 1305 3258; x_wconf 76' lang='lat' dir='ltr'>nudem</span> <span class='ocrx_word' id='word_1_301' title='bbox 1322 3204 1349 3257; x_wconf 86' lang='lat' dir='ltr'>in</span> <span class='ocrx_word' id='word_1_302' title='bbox 1366 3205 1417 3259; x_wconf 85' lang='lat' dir='ltr'>boc</span> 
     </span>
     <span class='ocr_line' id='line_1_32' title="bbox 208 3269 1417 3338; baseline 0.003 -16"><span class='ocrx_word' id='word_1_303' title='bbox 208 3279 308 3324; x_wconf 71' lang='lat' dir='ltr'>vetusto</span> <span class='ocrx_word' id='word_1_304' title='bbox 325 3288 412 3324; x_wconf 74' lang='grc' dir='ltr'><strong>ιιιιιιιι</strong></span> <span class='ocrx_word' id='word_1_305' title='bbox 435 3272 609 3338; x_wconf 69' lang='lat' dir='ltr'>monumnenta]</span> <span class='ocrx_word' id='word_1_306' title='bbox 645 3269 678 3324; x_wconf 91' lang='lat' dir='ltr'>In</span> <span class='ocrx_word' id='word_1_307' title='bbox 695 3271 780 3324; x_wconf 89' lang='lat' dir='ltr'>omni-</span> <span class='ocrx_word' id='word_1_308' title='bbox 813 3271 962 3326; x_wconf 77' lang='lat' dir='ltr'>Alexandri</span> <span class='ocrx_word' id='word_1_309' title='bbox 982 3271 1091 3326; x_wconf 77' lang='lat' dir='ltr'>urlnere</span> <span class='ocrx_word' id='word_1_310' title='bbox 1112 3273 1228 3327; x_wconf 78' lang='lat' dir='ltr'>curando</span> <span class='ocrx_word' id='word_1_311' title='bbox 1252 3271 1360 3326; x_wconf 92' lang='lat' dir='ltr'>dubium</span> <span class='ocrx_word' id='word_1_312' title='bbox 1378 3273 1417 3326; x_wconf 83' lang='lat' dir='ltr'>sa-</span> 
     </span>
    </p>

    <p class='ocr_par' dir='ltr' id='par_1_5' title="bbox 168 3337 1529 4447">
     <span class='ocr_line' id='line_1_33' title="bbox 174 3337 1529 3410; baseline 0.004 -20"><span class='ocrx_word' id='word_1_313' title='bbox 174 3337 224 3390; x_wconf 85' lang='lat' dir='ltr'>bos</span> <span class='ocrx_word' id='word_1_314' title='bbox 251 3339 328 3392; x_wconf 85' lang='lat' dir='ltr'>codd.</span> <span class='ocrx_word' id='word_1_315' title='bbox 354 3337 454 3408; x_wconf 85' lang='lat' dir='ltr'>legitur</span> <span class='ocrx_word' id='word_1_316' title='bbox 480 3347 606 3392; x_wconf 73' lang='grc' dir='ltr'><strong>ιοιιιιιαιε</strong></span> <span class='ocrx_word' id='word_1_317' title='bbox 623 3355 727 3407; x_wconf 76' lang='lat' dir='ltr'>renim,</span> <span class='ocrx_word' id='word_1_318' title='bbox 753 3339 779 3392; x_wconf 94' lang='lat' dir='ltr'>iu</span> <span class='ocrx_word' id='word_1_319' title='bbox 815 3338 853 3393; x_wconf 88' lang='lat' dir='ltr'>cit</span> <span class='ocrx_word' id='word_1_320' title='bbox 873 3340 1002 3394; x_wconf 81' lang='lat' dir='ltr'>Arrianus</span> <span class='ocrx_word' id='word_1_321' title='bbox 1023 3339 1068 3410; x_wconf 90' lang='lat' dir='ltr'>qui</span> <span class='ocrx_word' id='word_1_322' title='bbox 1088 3339 1263 3395; x_wconf 81' lang='lat' dir='ltr'>Critodemum</span> <span class='ocrx_word' id='word_1_323' title='bbox 1289 3339 1417 3395; x_wconf 85' lang='lat' dir='ltr'>medicum</span> <span class='ocrx_word' id='word_1_324' title='bbox 1527 3403 1529 3408; x_wconf 26' lang='lat'><strong>¹</strong></span> 
     </span>
     <span class='ocr_line' id='line_1_34' title="bbox 173 3405 1416 3488; baseline 0.002 -28"><span class='ocrx_word' id='word_1_325' title='bbox 173 3405 309 3477; x_wconf 86' lang='lat' dir='ltr'>plerisque</span> <span class='ocrx_word' id='word_1_326' title='bbox 339 3405 420 3460; x_wconf 81' lang='lat' dir='ltr'>etiam</span> <span class='ocrx_word' id='word_1_327' title='bbox 464 3407 640 3470; x_wconf 77' lang='lat' dir='ltr'>monimenta,</span> <span class='ocrx_word' id='word_1_328' title='bbox 671 3415 700 3461; x_wconf 93' lang='lat' dir='ltr'>et</span> <span class='ocrx_word' id='word_1_329' title='bbox 748 3425 779 3462; x_wconf 90' lang='lat' dir='ltr'>ro</span> <span class='ocrx_word' id='word_1_330' title='bbox 815 3407 943 3488; x_wconf 74' lang='lat' dir='ltr'>appellat,</span> <span class='ocrx_word' id='word_1_331' title='bbox 961 3409 1004 3462; x_wconf 83' lang='lat' dir='ltr'>vel</span> <span class='ocrx_word' id='word_1_332' title='bbox 1021 3409 1122 3462; x_wconf 88' lang='lat' dir='ltr'>nullum</span> <span class='ocrx_word' id='word_1_333' title='bbox 1143 3409 1271 3462; x_wconf 89' lang='lat' dir='ltr'>medicum</span> <span class='ocrx_word' id='word_1_334' title='bbox 1289 3409 1334 3462; x_wconf 84' lang='lat' dir='ltr'>sed</span> <span class='ocrx_word' id='word_1_335' title='bbox 1350 3409 1416 3463; x_wconf 89' lang='lat' dir='ltr'>Per-</span> 
     </span>
     <span class='ocr_line' id='line_1_35' title="bbox 174 3472 1416 3548; baseline 0.003 -21"><span class='ocrx_word' id='word_1_336' title='bbox 174 3477 379 3544; x_wconf 74' lang='lat' dir='ltr'>compoaeno&#39;ma</span> <span class='ocrx_word' id='word_1_337' title='bbox 396 3473 424 3528; x_wconf 88' lang='lat' dir='ltr'>in</span> <span class='ocrx_word' id='word_1_338' title='bbox 440 3472 512 3529; x_wconf 82' lang='lat' dir='ltr'>Flor.</span> <span class='ocrx_word' id='word_1_339' title='bbox 529 3472 716 3528; x_wconf 79' lang='lat' dir='ltr'><strong>DEFGHIP</strong></span> <span class='ocrx_word' id='word_1_340' title='bbox 743 3517 750 3529; x_wconf 94' lang='lat'>.</span> <span class='ocrx_word' id='word_1_341' title='bbox 765 3483 778 3530; x_wconf 87' lang='lat'>1</span> <span class='ocrx_word' id='word_1_342' title='bbox 815 3477 907 3530; x_wconf 80' lang='lat' dir='ltr'>drocen</span> <span class='ocrx_word' id='word_1_343' title='bbox 924 3476 1041 3548; x_wconf 83' lang='lat' dir='ltr'>chirurgi</span> <span class='ocrx_word' id='word_1_344' title='bbox 1057 3493 1139 3548; x_wconf 84' lang='lat' dir='ltr'>opera</span> <span class='ocrx_word' id='word_1_345' title='bbox 1157 3477 1274 3531; x_wconf 80' lang='lat' dir='ltr'>brnetnm</span> <span class='ocrx_word' id='word_1_346' title='bbox 1291 3493 1348 3531; x_wconf 83' lang='lat' dir='ltr'>esee</span> <span class='ocrx_word' id='word_1_347' title='bbox 1361 3487 1416 3544; x_wconf 76' lang='lat' dir='ltr'>tra-</span> 
     </span>
     <span class='ocr_line' id='line_1_36' title="bbox 174 3541 1415 3614; baseline 0.002 -18"><span class='ocrx_word' id='word_1_348' title='bbox 174 3545 378 3614; x_wconf 77' lang='lat' dir='ltr'>competentiwn,</span> <span class='ocrx_word' id='word_1_349' title='bbox 396 3541 424 3596; x_wconf 91' lang='lat' dir='ltr'>in</span> <span class='ocrx_word' id='word_1_350' title='bbox 441 3543 523 3596; x_wconf 80' lang='lat' dir='ltr'>Ber-n</span> <span class='ocrx_word' id='word_1_351' title='bbox 540 3542 565 3596; x_wconf 92' lang='lat' dir='ltr'>B</span> <span class='ocrx_word' id='word_1_352' title='bbox 583 3543 692 3598; x_wconf 72' lang='lat' dir='ltr'>Vosst</span> <span class='ocrx_word' id='word_1_353' title='bbox 711 3562 779 3599; x_wconf 86' lang='lat' dir='ltr'>com·</span> <span class='ocrx_word' id='word_1_354' title='bbox 815 3543 864 3598; x_wconf 90' lang='lat' dir='ltr'>dit.</span> <span class='ocrx_word' id='word_1_355' title='bbox 908 3544 979 3598; x_wconf 85' lang='lat' dir='ltr'>Tum</span> <span class='ocrx_word' id='word_1_356' title='bbox 1003 3563 1098 3598; x_wconf 76' lang='lat' dir='ltr'>manus</span> <span class='ocrx_word' id='word_1_357' title='bbox 1124 3549 1259 3599; x_wconf 77' lang='lat' dir='ltr'>adranam</span> <span class='ocrx_word' id='word_1_358' title='bbox 1291 3548 1415 3600; x_wconf 68' lang='lat' dir='ltr'>manebat</span> 
     </span>
     <span class='ocr_line' id='line_1_37' title="bbox 168 3609 1414 3684; baseline 0.003 -20"><span class='ocrx_word' id='word_1_359' title='bbox 168 3612 321 3682; x_wconf 69' lang='lat' dir='ltr'>potestisne.</span> <span class='ocrx_word' id='word_1_360' title='bbox 356 3609 410 3666; x_wconf 85' lang='lat' dir='ltr'>Sed</span> <span class='ocrx_word' id='word_1_361' title='bbox 428 3628 488 3665; x_wconf 88' lang='lat' dir='ltr'>cum</span> <span class='ocrx_word' id='word_1_362' title='bbox 504 3628 558 3665; x_wconf 93' lang='lat' dir='ltr'>non</span> <span class='ocrx_word' id='word_1_363' title='bbox 576 3611 696 3666; x_wconf 80' lang='lat' dir='ltr'>dubitem</span> <span class='ocrx_word' id='word_1_364' title='bbox 714 3612 778 3684; x_wconf 88' lang='lat' dir='ltr'>quin</span> <span class='ocrx_word' id='word_1_365' title='bbox 812 3611 894 3684; x_wconf 77' lang='lat' dir='ltr'>vulgo</span> <span class='ocrx_word' id='word_1_366' title='bbox 917 3613 1020 3681; x_wconf 87' lang='lat' dir='ltr'>editur,</span> <span class='ocrx_word' id='word_1_367' title='bbox 1047 3614 1093 3667; x_wconf 85' lang='lat' dir='ltr'>sed</span> <span class='ocrx_word' id='word_1_368' title='bbox 1115 3613 1199 3684; x_wconf 75' lang='lat' dir='ltr'>prime</span> <span class='ocrx_word' id='word_1_369' title='bbox 1225 3631 1277 3667; x_wconf 84' lang='lat' dir='ltr'>vox</span> <span class='ocrx_word' id='word_1_370' title='bbox 1302 3614 1329 3668; x_wconf 94' lang='lat' dir='ltr'>in</span> <span class='ocrx_word' id='word_1_371' title='bbox 1355 3633 1414 3668; x_wconf 85' lang='lat' dir='ltr'>mss.</span> 
     </span>
     <span class='ocr_line' id='line_1_38' title="bbox 173 3679 1415 3750; baseline 0.002 -16"><span class='ocrx_word' id='word_1_372' title='bbox 173 3687 244 3734; x_wconf 83' lang='lat' dir='ltr'>recte</span> <span class='ocrx_word' id='word_1_373' title='bbox 260 3680 355 3734; x_wconf 82' lang='lat' dir='ltr'>edatur</span> <span class='ocrx_word' id='word_1_374' title='bbox 373 3680 445 3750; x_wconf 85' lang='lat' dir='ltr'>quod</span> <span class='ocrx_word' id='word_1_375' title='bbox 462 3697 533 3735; x_wconf 87' lang='lat' dir='ltr'>nunc</span> <span class='ocrx_word' id='word_1_376' title='bbox 548 3679 648 3748; x_wconf 82' lang='lat' dir='ltr'>editur,</span> <span class='ocrx_word' id='word_1_377' title='bbox 663 3680 790 3735; x_wconf 73' lang='lat' dir='ltr'>incerare</span> <span class='ocrx_word' id='word_1_378' title='bbox 813 3680 934 3735; x_wconf 88' lang='lat' dir='ltr'>omnibus</span> <span class='ocrx_word' id='word_1_379' title='bbox 951 3691 980 3736; x_wconf 87' lang='lat' dir='ltr'>et</span> <span class='ocrx_word' id='word_1_380' title='bbox 1000 3681 1159 3737; x_wconf 67' lang='lat' dir='ltr'>editionibus</span> <span class='ocrx_word' id='word_1_381' title='bbox 1182 3681 1313 3736; x_wconf 78' lang='lat' dir='ltr'>veteribus</span> <span class='ocrx_word' id='word_1_382' title='bbox 1331 3683 1415 3750; x_wconf 85' lang='lat' dir='ltr'>deest,</span> 
     </span>
     <span class='ocr_line' id='line_1_39' title="bbox 173 3747 1415 3818; baseline 0.002 -17"><span class='ocrx_word' id='word_1_383' title='bbox 173 3765 231 3801; x_wconf 86' lang='lat' dir='ltr'>sum</span> <span class='ocrx_word' id='word_1_384' title='bbox 247 3748 281 3800; x_wconf 93' lang='lat' dir='ltr'>de</span> <span class='ocrx_word' id='word_1_385' title='bbox 298 3747 519 3818; x_wconf 80' lang='lat' dir='ltr'>interpretatione</span> <span class='ocrx_word' id='word_1_386' title='bbox 535 3755 625 3802; x_wconf 81' lang='lat' dir='ltr'>unum</span> <span class='ocrx_word' id='word_1_387' title='bbox 643 3764 688 3803; x_wconf 86' lang='lat' dir='ltr'>eos</span> <span class='ocrx_word' id='word_1_388' title='bbox 705 3749 779 3804; x_wconf 88' lang='lat' dir='ltr'>dicat</span> <span class='ocrx_word' id='word_1_389' title='bbox 812 3749 904 3802; x_wconf 80' lang='lat' dir='ltr'>addita</span> <span class='ocrx_word' id='word_1_390' title='bbox 962 3749 1056 3804; x_wconf 89' lang='lat' dir='ltr'>rimnm</span> <span class='ocrx_word' id='word_1_391' title='bbox 1090 3751 1124 3805; x_wconf 82' lang='lat' dir='ltr'>ab</span> <span class='ocrx_word' id='word_1_392' title='bbox 1154 3749 1240 3804; x_wconf 89' lang='lat' dir='ltr'>Iunio.</span> <span class='ocrx_word' id='word_1_393' title='bbox 1307 3751 1415 3805; x_wconf 84' lang='lat' dir='ltr'>Medius</span> 
     </span>
     <span class='ocr_line' id='line_1_40' title="bbox 173 3815 1415 3900; baseline 0.002 -30"><span class='ocrx_word' id='word_1_394' title='bbox 173 3815 218 3886; x_wconf 88' lang='lat' dir='ltr'>qui</span> <span class='ocrx_word' id='word_1_395' title='bbox 239 3815 304 3896; x_wconf 78' lang='lat' dir='ltr'>olim</span> <span class='ocrx_word' id='word_1_396' title='bbox 330 3816 408 3872; x_wconf 85' lang='lat' dir='ltr'>libros</span> <span class='ocrx_word' id='word_1_397' title='bbox 433 3817 468 3869; x_wconf 87' lang='lat' dir='ltr'>de</span> <span class='ocrx_word' id='word_1_398' title='bbox 494 3815 603 3870; x_wconf 78' lang='lat' dir='ltr'>historin</span> <span class='ocrx_word' id='word_1_399' title='bbox 628 3817 779 3888; x_wconf 74' lang='lat' dir='ltr'>scripserint</span> <span class='ocrx_word' id='word_1_400' title='bbox 812 3817 897 3872; x_wconf 86' lang='lat' dir='ltr'>edidit</span> <span class='ocrx_word' id='word_1_401' title='bbox 977 3821 1059 3886; x_wconf 82' lang='lat' dir='ltr'>oneri,</span> <span class='ocrx_word' id='word_1_402' title='bbox 1077 3821 1124 3898; x_wconf 85' lang='lat' dir='ltr'>sed</span> <span class='ocrx_word' id='word_1_403' title='bbox 1142 3819 1191 3873; x_wconf 90' lang='lat' dir='ltr'>hoc</span> <span class='ocrx_word' id='word_1_404' title='bbox 1206 3826 1235 3900; x_wconf 70' lang='lat' dir='ltr'>et</span> <span class='ocrx_word' id='word_1_405' title='bbox 1249 3819 1358 3873; x_wconf 90' lang='lat' dir='ltr'>obscure</span> <span class='ocrx_word' id='word_1_406' title='bbox 1376 3819 1415 3873; x_wconf 91' lang='lat' dir='ltr'>di-</span> 
     </span>
     <span class='ocr_line' id='line_1_41' title="bbox 173 3884 1415 4036; baseline 0.002 -30"><span class='ocrx_word' id='word_1_407' title='bbox 173 3884 779 4036; x_wconf 54' lang='lat' dir='ltr'>tttlllll‘tttffltllbttttt</span> <span class='ocrx_word' id='word_1_408' title='bbox 812 3894 893 4036; x_wconf 60' lang='lat' dir='ltr'>ibt</span> <span class='ocrx_word' id='word_1_409' title='bbox 906 3894 1024 4010; x_wconf 48' lang='lat' dir='ltr'>trra</span> <span class='ocrx_word' id='word_1_410' title='bbox 1043 3904 1137 4011; x_wconf 71' lang='lat' dir='ltr'>rx</span> <span class='ocrx_word' id='word_1_411' title='bbox 1158 3887 1415 4026; x_wconf 47' lang='lat' dir='ltr'>{tiltres-ltili</span> 
     </span>
     <span class='ocr_line' id='line_1_42' title="bbox 208 4022 1414 4103; baseline 0.002 -28"><span class='ocrx_word' id='word_1_412' title='bbox 208 4029 307 4075; x_wconf 75' lang='lat' dir='ltr'>mucre</span> <span class='ocrx_word' id='word_1_413' title='bbox 339 4022 459 4086; x_wconf 77' lang='lat' dir='ltr'>ridetur,</span> <span class='ocrx_word' id='word_1_414' title='bbox 502 4039 548 4103; x_wconf 85' lang='lat' dir='ltr'>qm</span> <span class='ocrx_word' id='word_1_415' title='bbox 567 4033 778 4094; x_wconf 48' lang='lat' dir='ltr'>*quinquaginta</span> <span class='ocrx_word' id='word_1_416' title='bbox 813 4040 901 4077; x_wconf 79' lang='lat' dir='ltr'>omnm</span> <span class='ocrx_word' id='word_1_417' title='bbox 936 4024 1076 4078; x_wconf 82' lang='lat' dir='ltr'>ueebodre</span> <span class='ocrx_word' id='word_1_418' title='bbox 1093 4031 1414 4095; x_wconf 80' lang='lat' dir='ltr'>extantpropagataesse</span> 
     </span>
     <span class='ocr_line' id='line_1_43' title="bbox 172 4038 1415 4161; baseline 0.002 -16"><span class='ocrx_word' id='word_1_419' title='bbox 172 4038 255 4145; x_wconf 64' lang='lat' dir='ltr'>lelna</span> <span class='ocrx_word' id='word_1_420' title='bbox 274 4089 349 4144; x_wconf 82' lang='lat' dir='ltr'>annis</span> <span class='ocrx_word' id='word_1_421' title='bbox 365 4097 429 4144; x_wconf 79' lang='lat' dir='ltr'>ante</span> <span class='ocrx_word' id='word_1_422' title='bbox 447 4089 570 4145; x_wconf 80' lang='lat' dir='ltr'>Curtium</span> <span class='ocrx_word' id='word_1_423' title='bbox 586 4089 706 4161; x_wconf 75' lang='lat' dir='ltr'>sen-ipsit,</span> <span class='ocrx_word' id='word_1_424' title='bbox 728 4093 779 4147; x_wconf 90' lang='lat' dir='ltr'>hoc</span> <span class='ocrx_word' id='word_1_425' title='bbox 812 4111 830 4144; x_wconf 81' lang='lat' dir='ltr'>v</span> <span class='ocrx_word' id='word_1_426' title='bbox 860 4091 889 4104; x_wconf 91' lang='grc'>’”</span> <span class='ocrx_word' id='word_1_427' title='bbox 919 4091 952 4146; x_wconf 89' lang='lat' dir='ltr'>&#39;e</span> <span class='ocrx_word' id='word_1_428' title='bbox 978 4092 1020 4160; x_wconf 81' lang='lat' dir='ltr'>fit,</span> <span class='ocrx_word' id='word_1_429' title='bbox 1047 4101 1094 4147; x_wconf 84' lang='lat' dir='ltr'>ent</span> <span class='ocrx_word' id='word_1_430' title='bbox 1120 4093 1157 4148; x_wconf 84' lang='lat' dir='ltr'>sic</span> <span class='ocrx_word' id='word_1_431' title='bbox 1181 4102 1304 4147; x_wconf 80' lang='lat' dir='ltr'>etvetus</span> <span class='ocrx_word' id='word_1_432' title='bbox 1328 4093 1415 4148; x_wconf 91' lang='lat' dir='ltr'>editor</span> 
     </span>
     <span class='ocr_line' id='line_1_44' title="bbox 173 4157 1414 4288; baseline 0.002 -75"><span class='ocrx_word' id='word_1_433' title='bbox 173 4157 610 4282; x_wconf 47' lang='lat' dir='ltr'>la·pls.an:tqrfflpirtnpliciverborum</span> <span class='ocrx_word' id='word_1_434' title='bbox 626 4175 778 4232; x_wconf 81' lang='lat' dir='ltr'>sensupau·</span> <span class='ocrx_word' id='word_1_435' title='bbox 812 4159 888 4283; x_wconf 47' lang='grc' dir='ltr'>1ῶί,</span> <span class='ocrx_word' id='word_1_436' title='bbox 915 4169 964 4214; x_wconf 81' lang='lat' dir='ltr'>aut</span> <span class='ocrx_word' id='word_1_437' title='bbox 984 4161 1061 4215; x_wconf 88' lang='lat' dir='ltr'>simili</span> <span class='ocrx_word' id='word_1_438' title='bbox 1078 4160 1342 4288; x_wconf 62' lang='lat' dir='ltr'>rpdtiipnelertrprlenda,</span> <span class='ocrx_word' id='word_1_439' title='bbox 1360 4163 1414 4216; x_wconf 87' lang='lat' dir='ltr'>sor-</span> 
     </span>
     <span class='ocr_line' id='line_1_45' title="bbox 183 4245 1413 4285; baseline 0.004 -5"><span class='ocrx_word' id='word_1_440' title='bbox 183 4245 255 4282; x_wconf 87' lang='lat' dir='ltr'>aum</span> <span class='ocrx_word' id='word_1_441' title='bbox 362 4245 393 4281; x_wconf 89' lang='grc' dir='ltr'>ι.</span> <span class='ocrx_word' id='word_1_442' title='bbox 921 4247 1009 4284; x_wconf 67' lang='lat' dir='ltr'>men</span> <span class='ocrx_word' id='word_1_443' title='bbox 1039 4247 1097 4284; x_wconf 84' lang='lat' dir='ltr'>exer</span> <span class='ocrx_word' id='word_1_444' title='bbox 1202 4247 1219 4282; x_wconf 95' lang='lat' dir='ltr'>n</span> <span class='ocrx_word' id='word_1_445' title='bbox 1247 4247 1296 4283; x_wconf 83' lang='lat' dir='ltr'>nm</span> <span class='ocrx_word' id='word_1_446' title='bbox 1320 4249 1413 4285; x_wconf 83' lang='lat' dir='ltr'>manus</span> 
     </span>
     <span class='ocr_line' id='line_1_46' title="bbox 207 4295 1413 4377; baseline 0.002 -27"><span class='ocrx_word' id='word_1_447' title='bbox 207 4295 273 4367; x_wconf 76' lang='lat' dir='ltr'>Cep.</span> <span class='ocrx_word' id='word_1_448' title='bbox 290 4303 334 4361; x_wconf 78' lang='lat'>22,</span> <span class='ocrx_word' id='word_1_449' title='bbox 351 4299 374 4365; x_wconf 72' lang='grc' dir='ltr'>ξ.</span> <span class='ocrx_word' id='word_1_450' title='bbox 393 4303 436 4352; x_wconf 79' lang='lat'>22.</span> <span class='ocrx_word' id='word_1_451' title='bbox 462 4298 562 4364; x_wconf 71' lang='grc' dir='ltr'><strong>ὶίφιιιιιι</strong></span> <span class='ocrx_word' id='word_1_452' title='bbox 578 4297 703 4377; x_wconf 69' lang='lat' dir='ltr'>rupitias]</span> <span class='ocrx_word' id='word_1_453' title='bbox 731 4296 777 4351; x_wconf 81' lang='lat' dir='ltr'>in·</span> <span class='ocrx_word' id='word_1_454' title='bbox 812 4298 920 4352; x_wconf 84' lang='lat' dir='ltr'>cancel‘</span> <span class='ocrx_word' id='word_1_455' title='bbox 961 4297 1112 4369; x_wconf 81' lang='lat' dir='ltr'>saepsimus.</span> <span class='ocrx_word' id='word_1_456' title='bbox 1151 4297 1237 4352; x_wconf 73' lang='lat' dir='ltr'>Codd·</span> <span class='ocrx_word' id='word_1_457' title='bbox 1254 4307 1342 4352; x_wconf 74' lang='lat' dir='ltr'>autem</span> <span class='ocrx_word' id='word_1_458' title='bbox 1359 4317 1413 4353; x_wconf 86' lang='lat' dir='ltr'>me·</span> 
     </span>
     <span class='ocr_line' id='line_1_47' title="bbox 172 4363 1411 4447; baseline 0.004 -30"><span class='ocrx_word' id='word_1_459' title='bbox 172 4364 235 4418; x_wconf 80' lang='lat' dir='ltr'>ritis</span> <span class='ocrx_word' id='word_1_460' title='bbox 250 4363 383 4420; x_wconf 80' lang='lat' dir='ltr'>codicibm</span> <span class='ocrx_word' id='word_1_461' title='bbox 402 4383 463 4420; x_wconf 85' lang='lat' dir='ltr'>mss.</span> <span class='ocrx_word' id='word_1_462' title='bbox 476 4365 557 4447; x_wconf 69' lang='lat' dir='ltr'>uulgo</span> <span class='ocrx_word' id='word_1_463' title='bbox 575 4363 776 4433; x_wconf 78' lang='lat' dir='ltr'>editortostae,</span> <span class='ocrx_word' id='word_1_464' title='bbox 811 4366 890 4420; x_wconf 89' lang='lat' dir='ltr'>liores</span> <span class='ocrx_word' id='word_1_465' title='bbox 920 4366 977 4421; x_wconf 84' lang='lat' dir='ltr'>sere</span> <span class='ocrx_word' id='word_1_466' title='bbox 995 4385 1129 4433; x_wconf 72' lang='lat' dir='ltr'>amovere,</span> <span class='ocrx_word' id='word_1_467' title='bbox 1156 4365 1237 4420; x_wconf 87' lang='lat' dir='ltr'>ceteri</span> <span class='ocrx_word' id='word_1_468' title='bbox 1266 4369 1411 4436; x_wconf 73' lang='lat' dir='ltr'>admome,</span> 
     </span>
    </p>

    <p class='ocr_par' dir='ltr' id='par_1_6' title="bbox 173 4432 1372 4507">
     <span class='ocr_line' id='line_1_48' title="bbox 173 4432 1372 4507; baseline 0.003 -20"><span class='ocrx_word' id='word_1_469' title='bbox 173 4432 255 4488; x_wconf 80' lang='lat' dir='ltr'>inrito</span> <span class='ocrx_word' id='word_1_470' title='bbox 277 4432 357 4488; x_wconf 79' lang='lat' dir='ltr'>etiarn</span> <span class='ocrx_word' id='word_1_471' title='bbox 380 4433 439 4507; x_wconf 85' lang='lat' dir='ltr'>ipso</span> <span class='ocrx_word' id='word_1_472' title='bbox 463 4434 569 4504; x_wconf 78' lang='lat' dir='ltr'>euno,</span> <span class='ocrx_word' id='word_1_473' title='bbox 596 4433 669 4490; x_wconf 83' lang='lat' dir='ltr'>cuiue</span> <span class='ocrx_word' id='word_1_474' title='bbox 695 4435 777 4490; x_wconf 78' lang='lat' dir='ltr'>rerba</span> <span class='ocrx_word' id='word_1_475' title='bbox 810 4435 859 4489; x_wconf 88' lang='lat' dir='ltr'>sed</span> <span class='ocrx_word' id='word_1_476' title='bbox 875 4436 942 4490; x_wconf 83' lang='lat' dir='ltr'>haec</span> <span class='ocrx_word' id='word_1_477' title='bbox 957 4434 1072 4490; x_wconf 77' lang='lat' dir='ltr'>varietas</span> <span class='ocrx_word' id='word_1_478' title='bbox 1088 4435 1165 4490; x_wconf 84' lang='lat' dir='ltr'>nimis</span> <span class='ocrx_word' id='word_1_479' title='bbox 1182 4436 1372 4507; x_wconf 85' lang='lat' dir='ltr'>frequens-est.</span> 
     </span>
    </p>
   </div>
   <div class='ocr_carea' id='block_1_4' title="bbox 0 0 1634 5120">
    <p class='ocr_par' dir='ltr' id='par_1_7' title="bbox 0 0 1634 5120">
     <span class='ocr_line' id='line_1_49' title="bbox 0 0 1634 5120; baseline 0 1"><span class='ocrx_word' id='word_1_480' title='bbox 0 0 1634 5120; x_wconf 95' lang='lat' dir='ltr'> </span> 
     </span>
    </p>
   </div>
  </div>
 </body>
</html>
