3336 5066
553 277 603 328 nu
633 275 761 330 aasrrs
787 231 909 332 anax)
925 229 962 345 ν’,
988 273 1031 323 rs.
1358 254 1435 325 211

184 461 432 552 sollicitarent,
457 460 661 536 mittuntur.
713 457 807 532 Hinc
834 482 907 554 spe,
933 457 1017 528 hine
1041 465 1141 530 metu
1165 457 1335 533 militares
1362 458 1437 532 ania

185 597 269 646 mos
295 583 462 646 versant:
495 573 623 646 ruinae
651 571 703 644 rei
735 568 889 642 subdere
915 567 994 642 illos
1021 567 1154 666 capita,
1181 567 1217 640 in
1243 571 1438 666 perniciem

187 681 301 774 trahi,
328 709 410 756 cum
436 683 569 756 Bactra
594 690 760 778 pateant,
788 692 983 778 exceptura
1009 703 1070 752 eos
1098 677 1200 752 donis
1228 688 1265 751 et
1290 680 1436 777 opulen-

188 795 252 886 tia,
279 784 407 868 animis
434 815 543 888 quam
570 791 757 889 concipere
782 817 857 864 non
884 792 1032 888 possint.
1482 789 1489 846 ἱ

136 925 170 976 ιο
294 903 397 978 Haec
422 901 643 999 agitantibus
657 902 861 976 Artabazus
887 901 1104 999 supervenit,
1119 902 1194 973 sive
1208 901 1300 998 regis
1327 901 1486 991 iussu,29

162 1018 270 1090 ‚sive
311 1037 378 1086 sua
418 1023 565 1110 sponte,
600 1014 799 1101 affirmans,
837 1012 1054 1106 mitigatum,
1078 1035 1157 1086 esse
1190 1010 1366 1100 Dareum,
1400 1022 1438 1085 et

137 1146 168 1193 11
189 1122 348 1198 eundem
374 1122 442 1196 illis
470 1123 646 1196 amicitiae
672 1122 826 1222 gradum
853 1135 976 1220 patere
1002 1122 1100 1220 apud
1126 1149 1256 1222 regem.
1308 1122 1363 1194 Illi
1388 1122 1438 1196 la·

189 1235 383 1308 erimsntes
408 1259 506 1308 nunc
532 1257 688 1332 purgare
714 1257 764 1324 se,
790 1231 1138 1320 nune-Artabazum¹
1151 1259 1264 1324 orare,
1291 1247 1333 1306 ut
1358 1257 1439 1306 cau·

137 1365 270 1419 rasam
305 1345 466 1444 ipsorum
501 1355 679 1434 tueretur,
719 1367 912 1441 precesque
946 1345 1140 1442 perferret..
1197 1341 1255 1417 Sic
1291 1355 1439 1442 peraeta

181 1466 309 1545 nocte,
336 1456 404 1528 sub
431 1455 521 1528 lueis
549 1464 717 1528 exortum
741 1450 970 1529 Nabarzanes
998 1481 1079 1528 eum
1101 1453 1297 1528 Bactrianis
1323 1454 1439 1526 militi·

163 1567 264 1640 :bus'
287 1567 325 1669 iu
351 1565 533 1638 vestibulo
559 1565 731 1663 praetorii
757 1563 923 1657 aderaut,
957 1567 1100 1640 titulum
1127 1565 1306 1638 sollemnis
1333 1564 1440 1638 officii

193 1676 337 1751 occulto
378 1676 504 1748 sceleri
542 1676 796 1774 praeferentes.
863 1675 1023 1766 Dareus,
1058 1677 1161 1775 signo
1200 1675 1247 1750 ad
1282 1674 1440 1748 eundum
1532 1743 1534 1746 .

140 1807 173 1856 1s
194 1785 292 1877 dato,
319 1811 466 1860 emrum
491 1788 643 1884 pristino
670 1813 771 1862 more
796 1788 1013 1862 conscendit
1061 1785 1290 1862 Nabarzanes
1316 1785 1442 1860 ceteri·
1619 1795 1628 1814 “

196 1921 267 1992 que
304 1897 506 1994 parricidae
538 1895 815 1997 procumbentes
849 1900 963 1990 humi,
1005 1923 1112 1997 quem
1145 1899 1252 1996 paulo
1284 1907 1370 1995 post
1403 1897 1441 1970 in'

194 2007 348 2080 vinculis
375 2007 534 2080 habituri
569 2011 673 2085 erant
705 2013 906 2084 sustinuere
931 2010 1111 2100 venerari,
1145 2009 1307 2084 lacrimas
1334 2007 1443 2080 etiam

171 2117 440 2214 poenitentiae
466 2118 601 2193 indices
627 2120 884 2220 profuderunt:
911 2121 1003 2195 adeo
1029 2121 1193 2194 humanis
1219 2120 1367 2218 ingeniis
1381 2144 1443 2218 pa-

134 2245 179 2295 tt
197 2236 280 2300 rata
305 2227 488 2302 simulatio
514 2235 581 2302 est
633 2230 765 2304 Preces
792 2232 921 2306 deinde
947 2233 1153 2329 suppliciter
1179 2229 1345 2304 admotae
1371 2228 1442 2304 Da·

198 2362 311 2429 reum,
336 2349 468 2412 natura
493 2340 691 2438 simplicem
717 2353 755 2416 et
779 2343 921 2433 mitem,
947 2369 1020 2416 nou
1047 2341 1192 2414 eredere
1218 2341 1325 2413 modo
1352 2365 1443 2438 quae

146 2466 181 2514 15
200 2447 440 2538 affirmabant,
467 2448 533 2522 sed
558 2449 645 2526 flere
672 2453 782 2526 etiam
807 2463 1010 2551 coegerunt
1045 2453 1101 2525 Ae
1126 2477 1171 2525 ne
1196 2461 1273 2524 tum
1300 2450 1444 2550 quidem

200 2558 350 2656 cogitati
377 2561 520 2634 sceleris
547 2563 743 2661 poenituit,
779 2589 861 2636 curn
885 2565 1124 2652 intuerentur,
1161 2563 1298 2660 qualem
1326 2572 1363 2634 et
1388 2587 1442 2636 re·

237 2803 260 2870 5.
271 2808 295 2856 9.
312 2803 412 2856 animis
430 2819 508 2869 quam
526 2806 626 2873 roactp.
638 2806 810 2874 nonpossint]
846 2825 947 2875 napora
965 2809 1045 2860 vincti
1062 2808 1216 2872 traduntur,
1234 2813 1263 2858 et
1279 2819 1320 2871 Vt,
1338 2811 1371 2858 42
1390 2805 1445 2858 He·

199 2869 263 2922 Hoc
286 2870 366 2924 modo
392 2872 474 2924 verba
498 2871 662 2926 collocantur
684 2871 711 2925 iu
734 2872 809 2927 leid.
842 2878 980 2945 placatior
998 2894 1054 2928 ram
1067 2875 1175 2929 Cratero
1193 2886 1216 2928 et
1236 2875 1320 2927 Coeno
1338 2891 1446 2926 consur-

199 2935 260 2991 Ptl.
280 2945 292 2990 1
312 2947 342 2991 et
359 2938 457 2992 uostris
474 2939 609 3004 omuibus,
633 2939 681 2994 sed
697 2941 769 2994 Flor.
786 2941 811 2994 B
882 2953 918 2996 at.
935 2943 1032 2997 Nescio
1049 2961 1083 2996 an
1101 2943 1150 2998 seri
1170 2951 1230 2996 tura
1245 2941 1359 2996 BerraB
1372 2940 1444 2996 Flor.

200 3015 347 3076 quantam,
372 3014 402 3060 et
417 3005 495 3060 Dar
512 3025 572 3062 curu
589 3009 670 3062 Beru.
688 3008 712 3061 B
731 3013 812 3062 aude-
874 3009 987 3064 EFGlll
999 3011 1091 3078 (miror
1099 2962 1327 3080 sualenburgium
1339 3010 1446 3063 tradere

200 3083 261 3128 reat
286 3091 335 3144 pro
364 3078 487 3144 possint,
522 3075 548 3130 G
577 3087 694 3146 possent.
738 3077 812 3130 Editi
847 3079 926 3132 etiarn
944 3080 1018 3133 Leid.
1036 3089 1064 3134 et
1082 3079 1216 3151 utriusque
1235 3082 1321 3146 Voss.)
1344 3088 1368 3131 et
1384 3079 1446 3130 Na-

201 3152 338 3222 quantam·
346 3145 453 3196 animis.
476 3144 508 3225 In
519 3145 595 3225 Voss.
604 3153 720 3225 utroque
729 3145 811 3199 Snalr.
848 3149 921 3202 berz.
941 3148 1008 3228 'inde
1031 3157 1094 3229 prta
1107 3148 1154 3230 'ait
1170 3149 1240 3219 quod
1257 3147 1319 3201 olim
1336 3145 1446 3226 pluralis

200 3210 383 3332 {tillim
400 3220 481 3282 „a
498 3231 526 3265 ¹¹¹
540 3213 648 3284 ’ΒΨ
666 3229 812 3284 “mim
847 3233 948 3338 bibi}
966 3215 1447 3358 {tplttlt.⁰?⁰tttt⁰¹t“tl,llt

237 3345 304 3418 Cep.
321 3353 370 3413 29,
398 3351 423 3414 s.
443 3355 483 3401 12.
519 3349 568 3403 aab
590 3351 658 3404 lacis
682 3359 797 3404 exortam
847 3353 918 3406 Flor.
936 3353 961 3406 Ε
978 3362 1061 3407 extat.

200 3415 272 3469 Edd.
296 3415 380 3485 princ.
405 3423 434 3470 et
457 3415 539 3488 vulgo
557 3417 622 3471 editi
640 3429 715 3486 orta,
761 3437 778 3471 u

201 3491 275 3536 rr
298 3484 416 3537 ur
439 3500 496 3538 e
738 3437 813 3540 aa,
849 3459 909 3595 art
925 3455 1447 3646 tpttttttutfttttuul

202 3620 486 3752 fflffiffumoeffl
508 3631 536 3744 ξ’
553 3622 682 3746 baffi,
694 3623 813 3747 ‘'gffiffi
847 3592 918 3714 iiii
935 3594 1038 3714 barii
1052 3593 1198 3715 tiiritiiiih
1221 3591 1448 3715 ‘'ridi'iiiaaiiiini

202 3773 277 3809 mm
301 3755 424 3810 alienum·
460 3757 515 3811 sed
538 3757 561 3812 si
582 3777 624 3814 m
642 3777 676 3813 ex
693 3761 813 3815 codicum
848 3729 898 3782 hoc
915 3729 972 3783 loco
989 3729 1124 3801 appellant
1142 3679 1319 3796 Artabazum,
1338 3727 1448 3780 manife-

203 3823 366 3878 auctoritate
384 3826 492 3895 pendet,
505 3829 683 3882 exortumfuit
697 3829 813 3884 scriben·
849 3807 1024 3878 ⁸t0-ffl0ffl'.
1037 3799 1082 3851 sed
1100 3807 1239 3919 prisma
1260 3799 1390 3862 ¹¹⁰t⁸⁰d⁰‘
1418 3803 1449 3849 ut

204 3892 274 3945 dum.
316 3891 402 3946 Paulo
429 3902 491 3964 post
512 3899 692 3966 praeferentes
720 3898 813 3970 optimi
848 3883 881 3918 ¹¹⁰
899 3877 1143 3948 'migerflsloeflu

204 3961 306 4015 codices
324 3969 353 4014 et
370 3969 520 4016 ceterorum
537 3981 643 4036 quoquc
665 3984 718 4019 non
735 3967 814 4037 pauci
849 3952 904 3988 ⁰⁵⁵⁶
921 3935 1047 3990 ⁰¹u⁵¹¹¹⁰d¹
1065 3944 1186 3989 ”imum
1204 3943 1337 4006 appareat·
1378 3975 1383 3981 '

204 4029 342 4095 exhibent,
361 4047 447 4101 neque
466 4032 516 4084 hoc
534 4035 756 4087 contemnendum
774 4035 813 4087 vi·
883 4041 905 4106 ξ.
927 4045 965 4090 lt.
1005 4041 1053 4091 aad
1073 4039 1140 4106 flere
1165 4040 1240 4090 etiam
1298 4036 1343 4090 Sic
1368 4037 1450 4089 rerba

145 4151 147 4154 .
205 4099 297 4164 detur,
315 4099 434 4170 quamvis
452 4100 486 4155 ob
505 4117 564 4153 eam
581 4119 637 4156 rem
654 4103 814 4156 accessesit
849 4106 1010 4159 collocantur
1036 4107 1063 4158 in
1090 4107 1169 4159 Beru.
1198 4109 1223 4158 Α
1273 4106 1320 4158 lor.
1347 4105 1450 4159 ABCG

204 4166 367 4236 corrigamus
385 4171 512 4237 aderant,
540 4187 608 4242 quae
629 4172 703 4226 verbi
724 4171 812 4224 termi-
849 4174 921 4226 Leia.
950 4177 1024 4229 Voss.
1054 4183 1081 4240 ¹3
1104 4174 1184 4244 vulgo
1207 4178 1254 4227 setl
1275 4172 1364 4226 etiam'
1374 4175 1448 4240 flere.

201 3551 302 3604 Iunius.
325 3551 396 3604 Nam
415 3554 464 3606 sub
482 3571 541 3606 eum
559 3554 676 3609 ablativo
694 3546 813 3608 de'tem·

1162 3885 1204 3920 em
1221 3867 1300 3920 libros
1320 3866 1448 3918 immunes

205 4235 279 4288 natio
306 4235 472 4290 librariorum
500 4238 616 4293 incuriae
649 4239 724 4294 nimis
755 4249 814 4294 erut
849 4243 901 4295 Sotl
912 4247 982 4312 flere
1000 4262 1086 4297 onruer
1103 4243 1219 4308 Flesti,
1239 4261 1265 4296 se
1273 4245 1345 4364 plere
1363 4260 1450 4295 omnes

205 4303 336 4373 exposita.
365 4305 540 4361 Constructio
557 4317 599 4362 est
616 4309 700 4380 qualis
719 4325 761 4376 ιν,
780 4317 811 4363 23
849 4312 970 4375 Flor.l·'l,
980 4315 1052 4383 flere
1069 4331 1155 4367 orrares
1169 4311 1270 4366 Flora)

205 4372 401 4427 Pharnabazus
426 4393 483 4428 caat
512 4379 671 4446 Apollonide
692 4384 715 4432 et
734 4381 814 4432 Atte—
851 4380 930 4433 Beru.
949 4382 981 4434 Β,
1284 4345 1305 4380 ”
1324 4315 1371 4366 ⁸⁸⁴1
1382 4313 1451 4380 sim

1208 4471 1258 4521 ll*
