3350 5042
590 345 641 398 nn
668 344 795 400 assrrs
821 345 931 400 max.
957 347 1008 416 vr,
1024 346 1069 399 aa
1380 330 1454 402 285

153 541 195 590 ³⁴
213 532 352 620 posset,
386 533 509 600 tamen
543 554 617 602 non
641 553 816 602 reamare.
869 527 924 600 Hli
950 529 1114 614 collocuti
1141 531 1227 604 satis
1254 531 1458 628 quaesitum

211 632 336 726 videri,
363 635 412 710 ad
435 662 559 736 regem
585 649 825 712 revertuntur.

317 743 387 835 Qui
418 759 565 845 postero
599 748 657 823 die
689 760 844 850 atquae
870 753 1053 825 confessus
1079 752 1342 828 eratPhilotas
1371 751 1507 826 reci-4¹1

212 858 297 946 tari,
337 869 375 929 et
412 858 548 953 ipsum,
587 861 671 958 quia
707 862 845 960 ingredi
883 889 955 936 non
990 875 1147 958 poterat,
1184 865 1287 936 iussit
1326 865 1455 936 afferri.

156 982 193 1031 3⁵
213 964 345 1040 Omnia
370 981 588 1062 agnoscente
615 998 668 1062 eo,
695 971 914 1062 Demetrius,
941 973 1001 1069 qui
1027 975 1181 1070 proximi
1207 975 1350 1050 sceleris
1377 999 1456 1072 par-

212 1079 325 1173 ticeps
352 1100 431 1150 asse
456 1083 685 1179 arguebatur,
712 1083 930 1182 producitur.
982 1083 1097 1158 Multa
1122 1085 1356 1158 affirmatione
1382 1085 1456 1158 ani·

211 1187 331 1284 mique
357 1191 493 1288 pariter
519 1196 722 1269 constantia
746 1208 785 1270 et
809 1197 932 1269 vultus
959 1195 1137 1285 abnuens,
1169 1196 1358 1291 quicquam
1384 1197 1452 1269 sibi

212 1297 248 1369 in
284 1324 407 1398 regern
438 1305 635 1401 cogitatum
674 1329 771 1396 esse,
812 1317 992 1381 tormenta
1024 1309 1131 1380 etiam
1164 1305 1382 1402 deposcebat
1416 1307 1452 1378 in

158 1425 194 1472 ³⁶
212 1413 464 1511 semetipsum:
497 1440 578 1487 cum
605 1415 781 1508 Philotas,
814 1418 1028 1490 circumlatis
1063 1417 1188 1507 oculis,
1224 1426 1264 1487 ut
1297 1416 1453 1492 incidere

212 1517 249 1592 in
263 1519 365 1596 Calin
390 1524 583 1620 quemdam
609 1527 708 1601 haud
733 1530 857 1627 procul
883 1541 1049 1620 stantem,
1070 1529 1216 1626 propius
1242 1551 1325 1600 eum
1350 1529 1456 1603 iussit

213 1631 391 1706 accedere.
459 1634 524 1710 Illo
556 1639 766 1736 perturbato
803 1652 840 1716 et
874 1651 1061 1714 recusante
1099 1639 1251 1712 transire
1283 1637 1330 1711 ad
1361 1665 1454 1732 eum,

210 1743 369 1838 Parme,
394 1746 525 1846 inquit,
551 1748 761 1823 Demetrium
786 1752 943 1854 nemim,
958 1775 1141 1850 mrmuqroe
1166 1773 1218 1824 me
1243 1750 1454 1824 eacruciari?

157 1873 193 1920 ³⁷
214 1850 316 1928 Calin
347 1882 423 1932 vox
454 1859 671 1958 sanguisque
702 1859 925 1934 deiecerant:
962 1871 1000 1934 et
1024 1857 1238 1934 Macedones
1271 1858 1454 1934 Philotam

212 1965 397 2063 inquinare
422 1969 589 2044 innoxios
616 1972 708 2045 velle
734 1971 1017 2070 suspicabantur,
1043 1972 1127 2070 quia
1151 1977 1217 2046 nec
1243 1997 1266 2044 a
1290 1969 1452 2046 Nicoma·

211 2079 290 2168 ch0,
315 2103 384 2152 nec
409 2079 456 2154 ab
483 2081 562 2180 ipso
576 2081 728 2174 Philota,
755 2109 835 2157 cum
862 2092 1099 2192 torqueretur,
1124 2083 1328 2156 nominatus
1355 2092 1452 2156 esset

212 2187 431 2265 adolescens.
480 2189 550 2281 Qui
576 2203 617 2267 ut
642 2196 841 2294 praefectos
866 2195 961 2293 regis
988 2195 1257 2268 circumstantes
1284 2218 1324 2266 se
1349 2192 1450 2284 vidit,

211 2298 435 2374 Demetrium
467 2313 505 2376 et
541 2306 772 2404 semetipsum
808 2305 846 2379 id
880 2306 1018 2380 facinus
1055 2307 1231 2404 cogitasse
1267 2305 1451 2377 confessus
1564 2339 1580 2372 .-

157 2428 193 2476 ³8
212 2422 277 2485 est.
330 2409 467 2486 Omnes
493 2440 580 2514 ergo
598 2441 621 2489 a
636 2414 852 2490 Nicomacho
877 2417 1061 2506 nominati,
1085 2441 1184 2489 more
1210 2415 1338 2513 patrio,
1365 2413 1452 2488 dato

210 2664 234 2708 et
243 2655 458 2712 coniunctionem
466 2658 589 2714 dirimere
606 2677 637 2716 ae
646 2660 814 2734 sequentibus
838 2661 916 2737 ‚sieut
941 2668 982 2714 est
1008 2661 1036 2712 in
1060 2657 1134 2711 Laid
1160 2657 1240 2711 Bam.
1257 2658 1282 2710 Α
1310 2657 1381 2712 ilar.
1399 2657 1450 2712 AB

210 2723 391 2794 praemittere
847 2739 930 2800 nque
956 2728 1056 2781 utrum
1083 2727 1134 2780 aa
1155 2743 1172 2779 a
1193 2725 1310 2798 principe
1335 2726 1451 2779 earam:

245 2791 268 2847 C
305 2801 375 2862 .44,
393 2799 469 2864 §.tt
495 2814 525 2850 eo
539 2797 695 2851 Danetrt‘us.
729 2797 814 2852 Recta
848 2798 994 2870 perlectum
1012 2805 1116 2867 tempus
1138 2802 1195 2862 est,
1217 2803 1246 2848 et
1268 2794 1452 2866 coniungenda

209 2859 248 2916 sic
296 2862 384 2917 odius:
409 2865 500 2936 Vulgo
518 2869 619 2934 wdem,
641 2866 712 2937 quod
734 2883 768 2919 ne
786 2867 813 2920 in
848 2867 929 2920 verba
937 2874 1011 2919 sunt:
1030 2863 1353 2928 camPtilotaa-iatsit,
1367 2879 1450 2942 eaque

210 2929 284 2984 libris
301 2931 611 3005 quidem‘manuseriptis
628 2942 683 3000 est,
706 2934 755 2988 nisi
777 2935 813 2988 sic
847 2931 989 2990 ἀπόδοσιν
1006 2933 1125 2988 efficiunt
1155 2930 1451 3001 raegreatisDemetnua

148 3041 158 3052 .
210 2997 354 3080 inltloes
370 3009 400 3055 et
416 3003 506 3072 paucis
519 3002 577 3056 aliis
594 3006 713 3057 eademst
725 3005 813 3074 prius.
847 3005 1052 3072 -deporeebat
1077 3000 1109 3054 ln
1126 2949 1331 3080 alibcodicibus
1348 2999 1450 3052 excidit

208 3069 341 3138 Agnoscis
358 3069 533 3124 describentis
550 3071 635 3124 fidem.
847 3082 889 3138 ut,
911 3071 959 3124 sed
980 3071 1101 3125 relictum
1117 3077 1159 3122 est
1182 3070 1311 3135 incedere,
1335 3067 1358 3120 1²
1358 3067 1407 3122 lor.
1424 3067 1450 3122 E

244 3139 377 3206 animique
389 3141 496 3207 pariter
513 3141 659 3193 constantia
678 3150 701 3193 et
719 3143 811 3194 vabus.
847 3141 923 3194 Voss.
943 3149 954 3192 l
975 3139 1031 3193 Pal.
1049 3145 1073 3192 2.
1091 3145 1116 3192 8.

129 3271 132 3276 ¹
208 3203 272 3260 Non
288 3206 364 3276 potui
382 3205 445 3260 mihi
463 3215 612 3278 temperare
629 3208 692 3278 quin
710 3209 811 3262 Heinsii
881 3211 904 3277 §-
922 3216 963 3262 st.
999 3225 1045 3261 nec
1062 3207 1095 3260 ab
1114 3209 1171 3285 ipso
1189 3205 1315 3276 Philota}
1343 3205 1385 3257 At
1402 3205 1450 3258 illo

208 3274 387 3328 coniectttram
405 3277 491 3329 mallus
519 3295 568 3346 pro
586 3293 619 3329 co
638 3279 711 3347 quod
728 3277 813 3332 adhue
846 3277 950 3330 Philota
968 3277 1043 3330 codd.
1083 3274 1184 3344 lemque
1201 3289 1303 3337 omnes,
1330 3273 1449 3352 exceptis

209 3341 310 3396 editum
333 3350 376 3397 est
398 3347 470 3396 vulta
488 3343 516 3396 in
533 3353 636 3398 textum
658 3345 811 3416 reciperem.
845 3353 933 3398 tamen
961 3345 1032 3398 Flor.
1053 3294 1134 3396 lib‘G.
1178 3340 1339 3421 Bongarsius
1367 3341 1449 3410 igitur

209 3409 334 3478 (Ἠῶ
353 3413 393 3464 sic
410 3414 495 3465 animi
513 3415 647 3484 vultumque
664 3417 810 3468 constantia
846 3414 967 3467 Philotae
985 3412 1071 3484 potius
1089 3427 1184 3465 nomen
1203 3419 1232 3462 ut
1250 3409 1283 3462 ab
1303 3418 1358 3461 rnte
1391 3418 1449 3462 rete

208 3482 309 3533 terruit
337 3478 425 3534 Codd.
443 3480 613 3551 pertinaciter
625 3493 648 3534 et
663 3484 810 3536 constantia
845 3483 965 3536 additum
991 3481 1072 3535 deleri
1098 3480 1193 3532 voluit.
1222 3477 1288 3558 'sed
1314 3428 1448 3530 insllbum

207 3550 320 3615 aedat,
338 3548 484 3602 deteriores
502 3549 608 3620 quidem
625 3550 663 3604 ita
681 3561 712 3605 ut
727 3553 812 3604 animi
847 3569 901 3605 non
919 3561 961 3604 est
978 3550 1089 3604 librariis
1106 3551 1162 3617 ipm
1179 3549 1261 3600 etrlle
1278 3545 1446 3599 confundere.

207 3633 261 3670 non
279 3618 411 3697 animique
428 3617 579 3671 exhibeant.
881 3621 904 3688 ξ.
922 3626 964 3674 38.
1002 3621 1095 3672 Omnes
1113 3633 1174 3686 crya
1192 3632 1210 3668 a
1222 3615 1384 3667 Nicomacho
1402 3631 1449 3666 no-

241 3687 265 3752 ξ.
282 3691 325 3740 36.
350 3688 513 3738 arcanttatis
530 3689 622 3752 oculis,
639 3697 667 3740 at
684 3689 810 3755 incidas}
845 3691 939 3741 minati
963 3719 987 3726 -
1007 3689 1092 3740 obruti
1122 3695 1191 3738 snm.
1241 3682 1341 3744 Editur⁴
1368 3681 1448 3752 vulgo

206 3753 292 3807 Aldus
308 3771 344 3807 ex
360 3755 437 3810 codd.
454 3754 477 3806 F
478 3754 527 3808 lor.
544 3754 636 3808 Dl'lll
653 3755 737 3808 edidit
753 3774 811 3808 man
846 3775 932 3809 omnes
950 3787 983 3796 —
1001 3757 1147 3808 nontinatos
1164 3784 1200 3794 —
1216 3752 1370 3816 obruerunt,
1401 3751 1449 3803 scd

207 3821 277 3875 Phil.
294 3823 456 3876 ciramtlatis
474 3825 556 3876 oculis
575 3825 708 3890 incideret,
726 3839 811 3894 enque
845 3824 990 3878 subiectum
1008 3825 1113 3888 deesse,
1131 3838 1190 3875 eum
1207 3819 1383 3872 Macedonum
1400 3835 1449 3871 no-

207 3888 286 3944 lectio
308 3891 418 3961 vulgata
442 3891 513 3944 facta
538 3900 587 3944 est.
621 3891 721 3944 chm
742 3891 811 3946 oculi
846 3909 906 3945 men
930 3891 1068 3944 interiecta
1090 3888 1252 3944 consessione
1274 3887 1346 3940 Colis
1369 3885 1449 3957 pardo

207 3957 340 4040 incidunt,
362 3977 418 4013 non
443 3959 499 4030 ipse
523 3960 608 4014 horno.
644 3959 752 4014 Medius
774 3975 811 4013 ex
846 3959 950 4031 longius
967 3968 1096 4014 remotum
1113 3958 1161 4024 sit,
1185 3956 1366 4010 molestissime
1383 3956 1447 4008 lem.

207 4025 263 4079 aliia
281 4027 366 4092 libris,
407 4027 479 4082 usles
496 4037 559 4082 sunt
576 4028 647 4082 Flor.
666 4027 728 4095 (lG,
753 4047 810 4082 cam
845 4027 988 4082 Praeterea
1010 4043 1099 4081 omnes
1117 4027 1192 4080 codd.
1209 4027 1351 4104 nominati,
1376 4023 1448 4092 quod

207 4094 275 4148 l'ln'l.
293 4097 334 4149 cir
435 4099 454 4150 'a
471 4099 554 4151 cerdis
572 4107 599 4149 at
613 4098 737 4149 incideret
755 4098 810 4150 cdi-
844 4097 988 4168 siprobas,
1006 4099 1039 4149 ab
1058 4091 1225 4148 uuallonG
1243 4093 1376 4146 discedere
1394 4109 1447 4146 non

207 4162 256 4227 dit,
274 4165 321 4218 sed
339 4181 418 4236 quem
435 4183 540 4219 sensrrm
557 4164 612 4218 istis
622 4165 708 4218 verbis
725 4165 810 4218 inesse
843 4165 953 4235 poteris,
972 4164 998 4216 in
1015 4183 1068 4234 quo
1081 4164 1146 4217 illud
1156 4163 1227 4232 quod
1237 4161 1343 4215 Medius
1352 4160 1445 4226 edidit,

205 4231 368 4287 volucritat
390 4251 438 4288 cur
453 4251 512 4287 eam
534 4233 671 4287 lectionem
698 4234 809 4288 multum
843 4237 929 4287 obmiti
956 4243 1015 4285 mant
1048 4232 1185 4284 manifesto
1215 4238 1298 4282 extat.
1353 4229 1446 4282 llabea

206 4299 303 4354 addere
338 4301 486 4372 elegantiae
521 4303 634 4356 orationi
666 4304 807 4372 putaverit,
842 4300 924 4372 igitur
940 4299 1027 4354 ‹lenuo
1044 4300 1192 4370 exemplum
1208 4299 1374 4352 confessarum
1392 4306 1446 4351 ter-

205 4367 290 4424 sateor
306 4387 349 4424 me
366 4387 419 4424 non
445 4370 601 4440 intelligere.
635 4371 807 4426 scribendum
842 4370 1015 4424 rninationurn
1033 4368 1104 4423 verbi
1114 4367 1193 4421 activi
1201 4375 1230 4420 et
1240 4367 1343 4438 praeivi.
1362 4367 1445 4430 Quod

207 4455 275 4492 nunc
302 4440 409 4492 deinum
440 4439 516 4492 video
543 4457 600 4492 csse
630 4451 657 4494 ut
683 4443 807 4507 decidere,
842 4440 876 4492 ad
895 4439 1031 4492 historiam
1049 4437 1146 4492 attinet
1159 4435 1333 4505 Demetrium,
1351 4453 1444 4506 corpo-
