3330 5050
554 280 603 330 na
631 241 760 332 'orsms
787 281 897 332 max.
924 281 1000 350 vm,
1022 277 1065 330 a.
1366 259 1440 327 413

201 487 375 560 usurpare
402 464 582 538 sustinuit.
636 465 671 538 Is
698 466 852 562 benigne
891 464 1034 562 quidem
1066 473 1257 558 exceperat
1282 459 1444 556 Hephae·

201 575 372 664 stionem,
407 578 605 672 gratuitum
637 577 858 648 frumentum
885 577 994 672 copiis
1021 575 1096 647 eius
1125 571 1332 662 admensus,
1372 598 1444 644 non

202 696 322 760 tamen
349 687 382 760 ei
407 698 632 774 occurrerat,
660 711 705 759 ne
731 685 840 758 fidem
868 687 972 760 ullius
999 685 1065 758 nisi
1092 683 1184 780 regis
1211 685 1443 780 experiretur.

161 796 327 896 altaque
359 799 518 870 venienti
550 797 696 870 obviam
723 823 805 870 cum
831 811 970 870 armato
997 797 1156 869 exercitu
1183 819 1345 892 egressus
1372 804 1444 881 est3

202 909 381 1007 elephanti
408 933 550 1005 quoque
578 934 642 1007 per
669 908 811 982 modica
836 909 1025 981 intervalla
1050 908 1200 978 militum
1215 906 1356 1002 'agauni
1383 906 1444 977 im-

163 1021 323 1108 ⁸mixti,
369 1020 496 1116 procul
535 1021 764 1094 castellorum
812 1021 972 1092 fecerant
1010 1018 1172 1116 speeiem.
1238 1020 1291 1088 Ac
1329 1017 1443 1114 primo

203 1128 412 1204 Alexander
451 1158 525 1206 non
564 1131 718 1221 socium,
758 1129 823 1202 sed
861 1132 1003 1204 hostem
1036 1127 1232 1204 adventare
1267 1127 1445 1200 credebat.
1517 1165 1522 1172 ·

24 1313 26 1323 ,
137 1287 150 1302 -
204 1239 350 1337 Iamque
384 1252 422 1314 et
456 1243 533 1340 ipse
569 1267 671 1315 arma
697 1242 826 1316 milites
853 1266 997 1339 capere,
1038 1253 1074 1314 et
1100 1241 1236 1338 equites
1252 1237 1445 1312 ‚discedere

203 1353 240 1424 in
266 1377 401 1438 cornua
426 1354 598 1442 iusserat,
625 1363 773 1451 paratus
800 1352 848 1425 ad
874 1377 1041 1450 pugnam.
1081 1351 1132 1423 At
1157 1350 1276 1440 Indus,
1303 1350 1446 1446 cognito

203 1459 441 1536 Macedonum
468 1489 607 1552 errore,
647 1465 753 1538 iussis
786 1465 982 1538 subsistere
1009 1463 1152 1555 ceteris,
1190 1463 1266 1560 ipse
1283 1461 1448 1534 ‘concitat

204 1599 352 1671 equum,
378 1599 450 1671 quo
476 1575 696 1648 vehebatur:
723 1575 819 1650 idem
846 1573 1054 1650 Alexander
1080 1599 1221 1671 quoque
1246 1574 1343 1662 fecit,
1370 1573 1446 1646 sive

203 1685 336 1775 hostis,
374 1685 451 1758 sive
486 1687 621 1760 amicus
649 1697 854 1762 occurreret
861 1743 871 1778 ,
910 1689 970 1760 vel
995 1711 1062 1760 sua
1086 1686 1239 1776 virtute,
1270 1686 1328 1760 vel
1354 1685 1446 1758 illius

169 1797 276 1871 sfide
302 1806 414 1870 tutus.
468 1793 636 1889 Ooivere,
662 1798 760 1897 quod
786 1825 834 1874 ex
859 1799 1044 1896 utriusque
1069 1798 1174 1870 vultu
1199 1808 1323 1896 posset
1345 1798 1446 1870 intel·

203 1909 274 2007 ligi,
301 1907 422 1981 amicis
443 1909 586 1982 animis:
614 1919 775 1984 ceterum
801 1910 878 1983 sine
895 1910 1090 2008 interprete
1110 1934 1193 1984 non
1209 1921 1350 2008 poterat
1364 1935 1446 1982 con-

202 2020 274 2102 seri
294 2025 428 2091 sermo.
469 2017 596 2117 ltaque
614 2019 777 2096 adhibito
795 2045 850 2112 eo,
874 2022 1050 2094 barbarus
1068 2022 1263 2094 occurrisse
1289 2046 1328 2095 se
1354 2019 1447 2094 dixit
1533 2053 1536 2064 ¹

205 2155 287 2204 oum
312 2131 490 2222 exercitu,
517 2142 613 2206 totas
640 2132 778 2231 imperii
803 2132 899 2212 vires
925 2133 1088 2230 protinus
1116 2131 1352 2223 traditurum,
1379 2156 1446 2204 neo

152 2245 188 2307 '10
206 2253 432 2341 expectasse,
468 2241 556 2316 dum
589 2268 655 2342 per
679 2243 827 2318 nuntios
854 2242 1002 2318 daretur
1027 2242 1126 2316 fides.
1179 2240 1317 2342 Corpus
1343 2269 1447 2318 suum

206 2363 243 2426 et
266 2353 417 2452 regnum
438 2357 654 2454 ¹permittere
676 2355 742 2447 illi,
782 2380 889 2452 quem
922 2356 1030 2429 sciret
1068 2355 1205 2452 gloriae
1227 2356 1446 2447 militantem,

204 2464 292 2537 nihil
317 2467 431 2564 magis
457 2494 567 2564 quam
592 2469 726 2541 lamam
751 2467 878 2540 timere
904 2464 1083 2565 perfidiae.

306 2575 440 2652 Laetus
467 2579 694 2677 simplicitate
720 2578 865 2654 barbari
886 2604 952 2652 rex
979 2588 1016 2652 et
1042 2574 1228 2652 dexteram
1253 2579 1337 2654 fidei
1362 2582 1497 2654 suae43

159 2706 185 2752 ¹1
206 2688 336 2786 pignus
362 2687 473 2780 dedit,
499 2703 538 2763 et
556 2716 707 2789 regnum
732 2691 899 2764 restituit
938 2711 1002 2764 avr
1020 2689 1200 2788 elephanti
1220 2703 1330 2780 erant,
1358 2715 1447 2787 quos

207 2795 354 2872 tradidit
378 2799 608 2891 Alexandro,
640 2803 825 2898 multaque
851 2826 983 2899 pecora
1008 2800 1159 2874 eximiae
1185 2799 1448 2899 magnitudinis,

171 2991 175 3000 ¹
204 2917 329 3001 ⁴tauros
354 2910 402 2983 ad
426 2934 471 2985 111
495 2913 606 3004 milia,
644 2913 845 3013 pretiosum
874 2912 912 2986 in
943 2937 987 2986 ea
1020 2913 1167 3011 regione
1192 2925 1448 3011 aceeptmnque

159 3035 188 3083 12
207 3019 332 3093 animis
359 3024 586 3120 regnantium
612 3035 825 3100 armentum
866 3020 1059 3112 Quaerenti
1085 3022 1303 3115 Alexandro,
1329 3025 1448 3122 plures

207 3131 438 3230 agricultores
452 3135 604 3210 haberet
630 3161 677 3210 an
703 3135 856 3210 milites?
883 3162 963 3209 cum
990 3135 1131 3210 duobus
1144 3137 1287 3234 regibus
1301 3135 1450 3208 bellanti

206 3382 330 3422 sermone
349 3385 404 3423 nou
426 3369 566 3438 abhorret,
590 3389 644 3442 quo
666 3375 813 3442 ἐπιτρέπε-
849 3372 922 3426 mstis
948 3371 1008 3426 dedi
1034 3390 1082 3446 pro
1103 3371 1175 3454 vulg.
1195 3382 1315 3442 paratos.
1354 3372 1449 3442 Neque

128 3453 131 3458 ·
207 3437 278 3490 σθαι
293 3438 386 3492 wera
401 3437 505 3492 ratione
513 3439 616 3494 dieitur.
635 3441 738 3508 (Etiam
747 3440 815 3496 Ger·
849 3441 958 3495 dubium
976 3442 1040 3513 quin
1057 3441 1084 3494 id
1101 3440 1193 3495 melius
1210 3442 1340 3496 referetur
1357 3442 1390 3494 ed
1407 3457 1461 3496 re·.

207 3503 309 3559 maniae
330 3505 417 3562 dicere
434 3506 531 3577 possim
559 3509 599 3562 Zu
616 3509 739 3580 regieren
756 3527 816 3564 ver·
849 3527 926 3581 gem,
944 3529 1024 3582 quam
1041 3511 1076 3563 sd
1093 3509 1163 3564 solos
1180 3510 1288 3581 equites.

206 3577 322 3644 stettet)
885 3581 908 3647 ξ.
926 3586 951 3634 9.
978 3581 1075 3632 coivere
1094 3588 1248 3632 correxerat
1264 3577 1371 3641 Iunius,
1390 3595 1451 3630 narn

241 3644 265 3710 §-
283 3649 308 3697 8.
348 3646 444 3714 equites
476 3647 610 3700 discedere
641 3649 671 3700 ia
704 3649 814 3720 cornua]
850 3647 912 3702 olim
930 3648 993 3700 editi
1011 3659 1040 3701 et
1052 3665 1114 3701 mss.
1133 3665 1223 3702 omnes
1231 3649 1318 3700 coiret.
1344 3645 1451 3700 Modius

206 3707 281 3765 Libri
288 3729 349 3768 mse.
366 3721 394 3766 et
411 3712 474 3767 olim
491 3714 557 3768 editi
575 3717 739 3783 descendere,
758 3733 816 3772 cor·
850 3716 935 3770 edidit
951 3719 1038 3782 coire,
1057 3716 1177 3787 equidem
1194 3714 1285 3769 malim.
1299 3717 1390 3768 coine.

208 3788 314 3834 maeret
339 3783 474 3836 decemre
499 3781 608 3850 Iunius,
639 3793 726 3850 reete,
754 3802 816 3838 nem
884 3786 1079 3873 imperitetur]
1106 3785 1152 3839 Sic
1160 3784 1224 3838 editi
1237 3793 1318 3850 recte,
1337 3783 1453 3838 codices·

208 3849 362 3902 deseeadere
375 3848 427 3903 h.l.
457 3851 603 3906 robsbilem
613 3853 815 3923 explicationem
851 3871 904 3925 que
929 3853 999 3908 Flor.
1027 3852 1136 3918 DlGI,
1169 3852 1263 3924 reliqui
1297 3853 1452 3923 integriores

208 3933 262 3970 aon
287 3917 375 3971 habet
452 3919 509 3974 aior
534 3921 616 3974 etiam
642 3922 761 3976 conlusio
787 3922 815 3976 in
850 3925 987 3993 imperitare
1017 3941 1077 3989 res,
1109 3922 1252 3976 deteriores
1277 3921 1348 3976 Flor.
1375 3920 1452 3976 CEH

208 3985 285 4040 oodd.
302 3985 374 4041 Flar.
390 3986 455 4042 DFl
474 3994 516 4053 (et
532 3989 589 4043 Pel
601 3994 627 4057 1)
646 4001 696 4054 est,
713 3989 741 4044 in
758 3991 817 4062 qai-
850 3992 931 4046 Bern.
949 3992 972 4046 Β
994 3993 1040 4046 sed
1058 3999 1147 4045 umen
1169 3991 1249 4044 etiem
1265 3989 1339 4044 Leid.
1358 3989 1390 4056 (si
1407 4007 1453 4044 ve-

208 4053 257 4108 bus
273 4073 323 4126 pm
340 4058 454 4128 eoquod
471 4067 513 4112 eet
526 4077 603 4112 omre
613 4061 709 4114 milites
722 4077 817 4130 cupere
850 4079 909 4114 rum
926 4061 1009 4114 tradit
1023 4059 1118 4130 Snelr.)
1136 4062 1240 4129 imperii
1257 4077 1307 4114 res.
1343 4059 1453 4114 Omittit

208 4121 254 4177 ml
272 4123 310 4179 sic
327 4123 435 4196 legitur:
454 4138 571 4182 armatos
589 4130 699 4194 utiliter,
718 4132 816 4200 equites
850 4133 940 4200 imper.
958 4130 1030 4184 l'lor.
1049 4129 1081 4182 Β.

208 4193 379 4262 ἀασοπάινε,
405 4195 477 4248 unde
494 4197 611 4252 moes
637 4207 752 4268 utraque
776 4197 815 4252 le·
885 4199 1002 4279 Captt,
1021 4201 1044 4267 §-
1057 4205 1095 4252 10.
1124 4200 1264 4266 desterom]
1297 4197 1342 4252 Sic
1360 4214 1452 4251 omnes

208 4259 297 4316 οὶὶοηε
305 4263 461 4318 semuncta:
481 4284 558 4319 oraro
567 4268 662 4320 milites
681 4285 774 4335 capere
792 4277 816 4320 et
850 4277 934 4322 nostri
960 4279 1068 4338 praeter
1091 4265 1204 4331 Flor.1,
1231 4266 1275 4338 qui
1299 4285 1358 4320 cum
1380 4265 1451 4318 vul.

208 4340 323 4385 ceratos
348 4334 443 4386 milites
473 4337 621 4405 equitesque
652 4338 815 4390 descendere.
850 4341 967 4391 dextram
983 4337 1069 4390 hebet
1097 4337 1169 4389 Suae
1186 4283 1453 4389 statariaecah

208 4395 293 4454 l’enlo
315 4409 378 4470 poet
394 4413 517 4473 paratos¹
537 4420 569 4456 ex
593 4403 716 4458 omnibus
743 4404 815 4459 libris
848 4405 961 4461 Berass
981 4406 1057 4460 Voss.
1074 4411 1099 4460 2.
