3300 5044
225 354 301 426 478
702 361 736 424 Q·
760 295 887 412 duarrr
911 359 997 410 surr

227 557 442 649 perventum
474 555 539 620 est
591 541 699 618 Liber
731 543 788 618 hic
818 541 973 642 populus
1003 527 1153 614 concilio
1178 543 1301 618 habito
1328 542 1473 618 dedidit

226 685 276 746 se,
303 683 370 731 nec
396 658 586 754 quicquam
611 653 742 732 deditis
769 665 911 754 praeter
932 662 1152 726 commeatus
1168 653 1383 751 imperatum
1401 665 1472 728 est.

229 766 363 857 Quinto
390 768 473 842 hinc
491 768 549 844 die
576 771 677 843 venit
696 765 743 840 ad
762 767 912 840 flumen:
937 763 1100 838 Arabum
1119 763 1255 836 incolae
1273 765 1471 862 appellant
1492 782 1506 828 a

227 879 340 978 Regio
367 879 512 953 deserta
537 892 575 954 et
599 903 774 977 aquarum
799 877 902 974 inops
929 873 1078 972 excipit:
1105 897 1213 969 quam
1239 899 1407 950 emensus
1433 876 1473 946 in

227 989 376 1064 Horitas
403 992 543 1063 transit.
596 988 651 1063 lbi
669 987 839 1060 maiorem
858 986 1036 1060 exercitus
1058 994 1197 1082 partem
1210 981 1475 1082 Hephaestioni

229 1099 396 1189 tradidit,
436 1101 553 1173 levem
597 1107 815 1172 armaturam
855 1120 935 1168 curn
969 1095 1177 1170 Ptolemaeo
1211 1093 1476 1192 leonnatoque

229 1211 384 1309 partitus
398 1219 463 1282 est.
495 1206 580 1282 Tria
600 1207 706 1280 simul
723 1205 865 1302 agmina
883 1204 1148 1302 populabantur
1166 1203 1284 1294 ludos,
1302 1229 1476 1302 magnae·
1495 1224 1509 1269 τ

229 1345 299 1417 que
326 1317 483 1419 praedae
509 1329 610 1392 actae
629 1324 733 1390 sunt:
758 1315 955 1388 maritimos
972 1313 1209 1406 Ptolemaeus,
1235 1325 1375 1389 ceteros
1393 1315 1476 1412 ipse

230 1455 312 1520 rex,
345 1439 383 1502 et
413 1429 459 1502 ab
491 1429 562 1502 elia
594 1437 697 1528 parte
721 1423 926 1500 leonnatus
952 1427 1114 1500 urebant.
1166 1426 1208 1500 ln
1234 1427 1302 1502 hac
1327 1449 1476 1522 quoque

229 1541 376 1639 regione
403 1540 530 1614 urbem
556 1537 726 1628 condidit,
751 1534 966 1632 deductique
992 1547 1078 1610 sunt
1102 1539 1140 1612 in
1165 1563 1246 1612 eam
1270 1535 1476 1633 Arachosii.

180 1653 229 1725 40
332 1649 428 1724 Hinc
453 1651 619 1748 pervenit
644 1648 693 1722 ad
717 1647 912 1721 maritimos
938 1645 1056 1720 Indos.
1107 1645 1298 1722 Desertam
1313 1657 1513 1723 vastam-⁸

231 1786 301 1858 que
326 1760 511 1856 regionem
537 1760 610 1833 late
636 1767 771 1848 tenent,
797 1763 840 1830 ac
864 1781 910 1830 ne
937 1782 1019 1830 cum
1043 1758 1201 1832 finitimis
1226 1755 1370 1855 quidem
1395 1758 1479 1830 ullo

231 1870 434 1944 commercii
474 1871 551 1950 iure
590 1870 794 1944 miscentur.
858 1865 943 1963 Ipsa
976 1866 1132 1941 solitudo
1166 1879 1296 1942 natura
1330 1889 1515 1968 quoques

230 1979 382 2054 immitis
398 1981 562 2054 efferavit
587 1979 745 2079 ingenia:
771 1975 975 2076 prominent
996 2001 1133 2075 ungues
1150 2004 1336 2078 nunquam
1350 1977 1480 2069 recisi3

232 2114 357 2165 comae
382 2090 544 2165 hirsutae
570 2101 606 2165 et
631 2091 796 2162 intonsae
822 2097 916 2162 sunt.
965 2087 1123 2186 Tuguria
1147 2089 1291 2164 conchis
1318 2099 1356 2164 et
1371 2099 1481 2179 ,cete-
1501 2109 1533 2156 ιο

231 2202 282 2276 ris
304 2201 560 2300 purgamentis
591 2199 700 2275 maris
732 2199 923 2273 instruunt
976 2197 1148 2272 Ferarum
1183 2199 1336 2298 pellibus
1374 2201 1481 2290 tecti,

232 2311 389 2411 piscibus
416 2311 492 2386 sole
518 2309 674 2402 duratis,
708 2319 747 2382 et
770 2309 946 2384 maiorum
971 2335 1114 2408 quoquc
1144 2307 1355 2403 beluarum,¹
1382 2334 1480 2407 quas

232 2423 364 2496 fluctus
390 2415 525 2514 eiecit,‘
544 2447 652 2496 carne
678 2429 881 2494 vescuntur.
935 2417 1164 2520 Consumptis
1194 2421 1305 2520 igitur
1330 2421 1532 2494 alimen-11

234 2533 297 2623 tis,
331 2530 548 2607 Macedones
575 2533 690 2634 primo
715 2531 887 2629 inopiam,
926 2529 1056 2606 deinde
1081 2529 1129 2604 sd
1154 2531 1317 2606 ultimum
1343 2533 1481 2606 famem

234 2644 369 2719 sentire
385 2653 593 2748 coeperunt,
618 2640 756 2718 radices
782 2641 991 2741 palmarum,
1017 2653 1173 2742 namque
1196 2645 1274 2719 sola
1300 2667 1343 2718 ea
1367 2642 1483 2718 arbor

234 2873 324 2933 mnus
341 2873 474 2948 appellnt,
492 2893 526 2956 ap
544 2877 756 2956 Horituegquos
772 2873 841 2930 Cur·
875 2873 910 2931 tis
934 2875 1012 2930 codd.
1030 2877 1244 2932 immolatii.
1279 2875 1381 2934 Urbem
1403 2876 1482 2932 urm

236 2945 288 3000 tius
313 2945 397 3016 paulo
426 2952 487 3024 post
511 2961 570 3024 rpse
599 2945 732 3000 deser-rbrt
777 2943 841 2999 Cer·
874 2945 1008 3000 condrtem
1025 2945 1083 3000 loco
1099 2945 1484 3078 opffimfflffli

237 3079 370 3136 Graecam
387 3081 445 3150 (ῶν
458 3083 618 3203 nonerunt}-
628 3080 841 3137 voluisseaucto-
874 3080 1030 3149 Arriano,
1048 3088 1079 3135 21
1098 3077 1188 3136 extr.'

234 3021 293 3067 tum
323 3020 367 3068 est
396 3019 613 3068 temrnatronenr
641 3013 698 3068 eins
726 3011 841 3076 nominis
873 3011 1031 3068 Horitarum
1047 3012 1120 3068 riuis

235 3166 292 3204 ram
319 3149 354 3204 de
393 3165 427 3202 ua
443 3149 477 3203 d.
495 3147 592 3204 Sabaei

239 3189 362 3272 otar-
373 3166 458 3270 (ἔω
475 3225 627 3272 manner
644 3217 671 3272 a
688 3216 762 3272 usin
779 3235 841 3272 ms.
874 3217 1026 3273 manneus
1044 3235 1109 3290 quo·
1123 3217 1259 3274 umus
1281 3219 1354 3290 rpus
1372 3221 1482 3276 amu.

236 3295 265 3342 et
283 3293 350 3340 vett.
368 3285 430 3338 edd.
448 3284 626 3342 nominantur.
874 3285 903 3340 in
915 3285 1014 3342 Indicis
1029 3303 1051 3342 a
1065 3293 1099 3342 29
1117 3285 1334 3359 Iclrtbyoplragm
1350 3288 1481 3360 appellet,

271 3358 331 3420 §.a
367 3353 487 3407 Aradum
504 3355 605 3410 arcolae
621 3356 766 3435 appellunt]
796 3352 842 3409 sic
877 3353 923 3408 sed
950 3353 1087 3426 coniungit
1104 3353 1211 3410 Curtius
1237 3355 1318 3410 etiam
1344 3357 1482 3412 deser-turn

235 3421 321 3478 Aldus
338 3421 539 3490 emendaverat,
558 3421 585 3476 in
603 3421 677 3476 lrbrrs
694 3421 764 3476 enirn
781 3440 841 3476 mss.
879 3421 1024 3477 Cedrosiae
1041 3433 1152 3494 partem.

236 3491 380 3569 barborum
397 3489 505 3560 legitur,
527 3491 576 3570 sed
584 3489 762 3570 ‚consentiunt
778 3491 842 3544 scri·
911 3495 936 3558 ς.
947 3497 987 3545 10.
1022 3508 1088 3560 pror
1096 3493 1200 3562 stactus
1217 3492 1302 3561 eiecit]
1324 3491 1414 3564 Vulgo
1431 3495 1482 3548 aii·

236 3567 325 3631 ptores
347 3575 376 3612 rn
397 3559 448 3612 boc
466 3557 511 3610 vel
532 3557 610 3612 umrb
634 3568 707 3612 certe
728 3575 841 3626 nomme,
876 3561 926 3626 cit,
951 3577 1000 3614 nor
1017 3559 1140 3614 codicum
1156 3567 1307 3616 uosuorurn
1324 3578 1483 3618 connum

237 3627 311 3680 cuius
332 3624 444 3705 stirpem
465 3625 546 3680 bodie
567 3643 672 3698 quoque
694 3627 722 3680 in
739 3625 843 3682 nomine
876 3635 982 3699 practer
998 3627 1021 3682 F
1022 3627 1105 3682 lor.D
1123 3627 1264 3699 sequimur.

239 3702 415 3772 promontorn
446 3693 557 3748 Arabalr
589 3703 720 3750 serratam
750 3694 843 3758 volunt
895 3701 985 3818 ,3ἑέῑὶ
1005 3699 1119 3750 -rodt'ces
1132 3699 1297 3778 pulmananl
1324 3696 1481 3778 Intelligere

237 3761 392 3885 gepgnpbr.
631 3829 638 3842 ι
797 3833 802 3844 Ι
877 3783 925 3850 roa
977 3772 1133 3848 rnterpmtes
1159 3765 1194 3818 de
1220 3766 1350 3847 palmus
1415 3783 1479 3834 eru,

228 3893 233 3900 g
302 3840 387 3884 onear
405 3827 561 3884 FlanABC
577 3831 714 3911 exlubent.
731 3831 843 3886 Nantua
877 3853 939 3888 ταις
954 3829 1179 3913 βαλανηφορςιςι
1219 3853 1264 3888 urn
1281 3843 1362 3890 stram
1400 3835 1481 3890 trebo

237 3896 844 4045 aeiquuindogddi‚Gmddibnddsddldodrffidd
876 3901 1219 4024 dadddilabisssaidtliuiuuse
1239 3903 1482 4026 traditfmioliiurtrdb2

240 4035 345 4090 Graeco
369 4051 477 4088 nomine
496 4031 528 4086 Ὠ
546 4041 617 4088 ιτών
642 4035 684 4088 vel
701 4035 844 4106 Ὠρειτῶν.
878 4036 955 4091 uhter
977 4045 1005 4090 st
1026 4037 1096 4094 haud
1118 4040 1198 4093 dubre
1222 4039 1320 4093 rectius
1346 4037 1481 4094 intellexit

239 4104 308 4157 Vide
326 4101 487 4183 Wasscling.
511 4170 517 4182 .
552 4101 649 4183 'Diod
664 4103 683 4183 ¹:
700 4103 718 4158 l.
749 4103 845 4158 Cedro·
879 4105 913 4184 de
930 4103 1025 4160 frutioe
1039 4106 1145 4176 agresti,
1164 4106 1264 4174 humili,
1283 4105 1328 4178 qui
1451 4115 1480 4160 at

239 4174 308 4227 riam
331 4171 446 4241 denrque
468 4189 560 4242 scnpsr
578 4190 640 4241 qurs
661 4189 700 4225 src
723 4180 845 4226 constan·
879 4191 936 4244 rpse
948 4181 1068 4242 vocatur,
1086 4173 1132 4228 sed
1145 4175 1256 4229 fructum
1270 4193 1323 4230 non
1348 4183 1399 4242 ert,
1415 4175 1480 4230 stir-

240 4249 281 4294 ter
298 4239 359 4293 libri
378 4237 513 4306 Curtiaui,
542 4239 622 4293 etiarn
639 4239 775 4294 Diodorus
790 4247 844 4294 Κε-
879 4260 940 4312 pern
962 4250 1065 4295 tanturn
1089 4243 1169 4296 babet
1191 4253 1220 4297 et
1240 4243 1357 4298 radicem
1377 4243 1478 4311 erue,

241 4305 376 4382 ὃρωσίαν,
395 4306 525 4360 Arrianus
544 4305 721 4380 Γαδρωσίαν.
879 4310 974 4381 quibus
993 4309 1020 4363 iu
1037 4311 1106 4364 sarna
1123 4311 1202 4364 etiarn
1219 4310 1304 4367 Siculi
1321 4319 1416 4365 nautae
1433 4330 1479 4366 ve·

275 4380 300 4442 s.
317 4382 340 4428 7.
376 4377 405 4427 ia
429 4393 487 4428 eoru
504 4377 656 4443 Arachosia]
692 4375 846 4430 Coniunctis
880 4379 1020 4432 scebautur
1041 4379 1112 4448 apud
1135 4379 1289 4434 Ciceronem
1310 4381 1339 4434 in
1356 4383 1431 4434 Verr.
1450 4396 1480 4444 v,

241 4444 349 4498 vocibus
367 4450 517 4496 monstrum
535 4441 609 4496 verbi
627 4441 720 4496 extitit
736 4441 764 4496 in
779 4443 846 4498 mul·
881 4451 927 4514 88,
949 4451 981 4500 87
1000 4453 1028 4498 et
1045 4452 1094 4514 38,
1119 4454 1163 4502 99:
1190 4447 1326 4504 invenitur
1348 4449 1418 4502 enirn
1433 4448 1479 4504 ille

633 3148 681 3204 Gr.
699 3148 745 3204 lat.
762 3156 840 3220 pat.
909 3149 1088 3220 Cep.40‚§.8.
1109 3153 1147 3204 od
1158 3151 1406 3220 maritimoaeIados]
1421 3149 1484 3206 De-
