3260 5042
538 337 587 386 uu
614 335 741 388 nuens
767 337 878 386 anax.
905 335 955 404 ιιι,
982 330 998 380 5
1359 319 1405 391 69
1455 415 1458 421 Ι

163 511 341 594 novandis
369 539 479 612 quam
504 517 672 616 gerendis
699 513 818 611 aptior
842 515 964 605 rebus,
990 539 1038 588 ex
1063 518 1138 588 suis
1165 521 1294 616 quique
1320 521 1408 593 vicis

163 621 400 723 urbibusque,
432 628 504 700 hoo
536 628 672 723 ipsum,
707 634 928 699 concurrunt
963 624 1011 697 ad
1045 624 1199 699 delenda
1231 633 1408 724 praesidia

163 732 366 809 Persarum.
427 734 497 824 Qui
533 735 662 825 territi,
702 747 825 810 tomen
857 760 959 834 spem
991 734 1168 810 retinendi
1198 737 1406 836 Aegyptum

111 864 143 912 ιι
163 871 238 920 non
269 848 479 919 omiserunt
534 841 607 918 Sed
643 867 705 919 eos
739 849 938 944 Amyntas,
973 847 1109 944 proelio
1137 861 1342 945 superatos,
1368 854 1406 924 in

161 957 290 1030 urbem
316 955 508 1050 compellit,
536 955 735 1052 castrisque
761 955 888 1052 positis
921 956 1076 1029 victores
1109 954 1156 1028 ad
1182 959 1405 1055 populandos
1431 1032 1433 1044 ,

162 1089 286 1163 agree,
321 1064 422 1137 velut
453 1067 490 1139 in
522 1065 643 1140 medio
676 1064 805 1162 positis
832 1066 991 1138 bostium
1017 1067 1170 1155 cunctis,
1198 1069 1431 1166 agebantur.i

110 1191 142 1239 ³2
160 1174 289 1270 ltaque
313 1172 498 1266 Mazaces,
525 1199 744 1274 quamquam
769 1174 899 1248 infelici
933 1177 1069 1273 proelio
1097 1166 1243 1249 suorum
1269 1180 1407 1254 animos

159 1285 306 1390 territos
334 1309 415 1359 esse
441 1297 682 1384 cognoverat,
714 1295 837 1358 tamen
862 1285 1026 1384 palantes
1058 1297 1096 1359 et
1121 1286 1291 1361 victoriae
1317 1289 1405 1363 fidu-

160 1395 217 1468 cia
254 1397 419 1470 incautos
460 1405 668 1486 ostentans,
706 1397 864 1494 perpulit
902 1419 949 1468 ne
985 1395 1192 1470 dubitarent
1230 1423 1277 1472 ex
1315 1400 1405 1475 urbe

108 1525 140 1575 ιι
160 1528 349 1602 erumpere
375 1514 414 1576 et
438 1529 498 1578 res
525 1505 677 1578 amissas
703 1529 925 1604 recuperare.
971 1506 1015 1580 Id
1040 1507 1226 1580 eonsilium
1252 1535 1324 1582 non
1348 1535 1403 1582 ra·

158 1616 258 1688 tione
277 1612 503 1710 prudentius,
517 1641 625 1713 quam
640 1629 773 1691 eventu
798 1616 946 1690 felicius
962 1617 1044 1690 fuit:
1070 1615 1118 1690 ad
1143 1642 1254 1690 unum
1279 1645 1403 1694 omnes

158 1749 242 1798 oum
277 1725 355 1822 ipso
391 1723 484 1798 duee
510 1727 617 1800 occisi
644 1739 738 1801 sunt
791 1726 869 1800 Has
894 1751 1030 1827 poenas
1056 1725 1236 1827 Amyntas
1263 1730 1403 1826 utrique

157 1835 237 1934 regi
251 1833 361 1927 dedit,
374 1835 487 1909 nihilo
512 1838 629 1936 magis
656 1839 689 1912 ei
716 1838 764 1911 ad
789 1863 897 1935 quem
922 1837 1281 1937 transfugeratfidus,
1295 1865 1403 1937 quam

156 1947 208 2018 illi
235 1973 342 2044 quem
368 1947 587 2020 deseruerat
793 1973 796 1980 ’
1001 1965 1004 1970 ’
1276 1967 1278 1972 ·

106 2079 139 2126 ss
262 2056 373 2130 Darei
397 2069 601 2156 praetores,
632 2059 694 2155 qui
726 2059 862 2156 proelio
889 2056 987 2155 apud
1012 2055 1116 2130 Issou
1142 2059 1401 2156 superbierant,
1430 2071 1452 2142 6
1485 2105 1488 2112 ι

157 2189 243 2239 eum
282 2168 380 2241 omni
413 2193 541 2259 manu,
575 2193 670 2265 quae
708 2169 887 2267 fugientes
928 2177 1052 2241 secuta
1086 2178 1183 2258 erat,
1218 2181 1418 2268 assumpta·

156 2276 268 2350 etiam
294 2275 553 2376 Cappadocum
579 2291 618 2353 et
642 2278 917 2378 Paphlagonum
942 2278 1146 2367 iuventute,
1171 2276 1323 2376 Lydiam
1347 2305 1402 2354 re-
1444 2309 1450 2314 ⁷

104 2401 136 2450 ³⁵
155 2411 331 2485 euperare
362 2390 601 2487 temptabant.
654 2389 876 2488 Antigonus,
908 2397 1055 2484 praetor
1085 2385 1300 2478 Alexandri,
1332 2388 1401 2489 Ly·
1464 2425 1469 2434 ·

155 2496 239 2571 diae
264 2510 451 2597 praeerat:
484 2501 562 2596 qui,
588 2523 807 2598 quamquam
832 2498 1024 2596 plerosque
1049 2497 1202 2571 militum
1228 2523 1275 2572 ex
1301 2523 1401 2598 prae·

153 2757 277 2823 videtur,
300 2765 333 2811 ut
350 2757 482 2829 signifieat
507 2761 555 2814 loc
576 2761 663 2830 iprum
685 2758 763 2812 fuisse
816 2757 844 2811 ui
855 2753 999 2811 editionem
1016 2752 1161 2826 principem
1177 2755 1292 2823 curarit,
1310 2757 1402 2813 addito

152 2825 228 2904 quod
243 2827 376 2896 Amyntan
397 2827 455 2880 sore
471 2827 648 2898 praedixerat
685 2827 763 2882 Simi-
796 2826 805 2880 i
825 2844 844 2880 o
860 2843 908 2880 suo
925 2825 1014 2880 eduxit
1031 2840 1064 2903 oc
1080 2837 1148 2903 quae
1171 2833 1318 2904 sequuntur
1334 2829 1402 2880 velut

152 2892 218 2945 liter
226 2891 322 2946 Graeci
338 2893 414 2946 τοῦτ’
430 2899 524 2948 έκεῖνο
542 2895 669 2950 adiiciunt
685 2905 763 2949 extra
797 2896 825 2947 in
855 2895 940 2946 medio
963 2892 1061 2962 posim
1089 2893 1132 2944 du
1161 2893 1271 2945 Ιιοειιωη
1302 2893 1402 2948 intaeta

152 2960 282 3014 ordinum
796 2961 920 3033 reliquit,
943 2961 1028 3016 donee
1049 2958 1135 3012 Aldus
1156 2977 1204 3038 pro
1225 2963 1268 3014 dir
1289 2963 1400 3016 bosom

186 3045 260 3098 span
285 3029 419 3083 retinendi
446 3029 471 3084 A
507 3069 514 3082 .
539 3047 592 3084 non
621 3033 762 3086 omiserunt
796 3029 913 3086 oomxit
947 3025 1068 3082 omnibus
1102 3025 1224 3081 hostium.
1270 3028 1400 3100 Equidem

151 3095 298 3150 metinime
315 3098 428 3152 tuentur
494 3099 521 3151 d.
538 3099 623 3152 nostri
640 3098 761 3152 etSuak.
797 3097 860 3154 olim
877 3100 911 3151 de
928 3096 1080 3151 eonieotm
1096 3094 1158 3148 dedi
1175 3097 1282 3150 victores
1300 3101 1338 3151 ad
1350 3117 1400 3167 po·

151 3163 760 3288 ffl'ddtififfllffibllbiiffim
811 3164 1175 3300 oillibi?'ellidii'dpdlllrurittlil
1191 3167 1400 3288 mabdionlibseitill

726 3267 760 3276 ““
1176 3270 1183 3298 l

151 3303 298 3354 mianum
321 3300 462 3369 duxerint,
492 3319 562 3373 quae
584 3303 762 3375 superscripta
795 3302 949 3356 Modiam
970 3299 1128 3370 scripturam
1155 3297 1220 3352 item
1247 3301 1399 3357 coniectura

150 3377 195 3422 est
211 3369 239 3422 iu
255 3369 330 3424 Flor.
347 3369 381 3424 E.
796 3379 887 3424 uatum
909 3367 1020 3423 devenio
1042 3369 1109 3420 velut
1138 3367 1166 3419 in
1194 3371 1278 3448 medio
1299 3373 1398 3450 positis

186 3441 212 3502 s.
229 3445 273 3492 81.
300 3440 371 3490 velut
392 3440 421 3491 in
444 3440 530 3491 medio
547 3441 658 3510 positis]
676 3439 762 3494 loon
796 3441 909 3493 bostium
926 3437 1034 3492 sanctia
1064 3435 1165 3489 Corscto
1183 3437 1292 3490 tosleiam
1310 3455 1398 3494 omma

150 3513 302 3585 oonpptns,
315 3522 395 3576 quem
408 3505 528 3586 editores
535 3515 640 3560 veteres
649 3509 763 3578 quodam
797 3505 914 3562 hostium
932 3507 1003 3560 boue
1019 3503 1143 3558 videntur
1158 3519 1225 3582 ease.

149 3573 482 3712 ιιιιιι
464 3577 764 3724 ιιιιιε
797 3581 916 3698 ιιι
930 3571 1302 3720 restitissent,
1315 3575 1397 3712 ξι·

150 3727 187 3762 oe
218 3712 286 3764 uelut
313 3712 343 3764 ia
372 3713 457 3766 medio
484 3713 582 3781 positis
612 3715 763 3767 omnibus
797 3713 946 3780 reciperare
962 3709 991 3764 iu
1008 3707 1220 3787 tubusurllrnssed
1234 3710 1396 3781 uullol'lor.,

148 3779 262 3832 turam
294 3789 389 3832 mosao
419 3781 596 3860 apologum„
619 3779 674 3835 Sed
703 3781 763 3862 libri
798 3783 821 3848 §.
831 3787 864 3834 st
882 3780 1082 3848 reciperandum
1099 3793 1127 3829 m
1144 3773 1195 3855 illis
1212 3786 1241 3830 et
1249 3777 1395 3859 FlorAB:

148 3846 481 3986 ἓὲἓὲῖΐιῖῗέἑιῗ
497 3865 763 3988 mttere
797 3851 1396 3992 Waltztt‚'5t²t‘1',⁰t‚¹t‚¹²1t⁰‚

87 3993 91 4002 ’
149 3982 290 4054 ignor-unt,
317 3993 347 4038 et
372 4001 424 4055 pro
449 4001 483 4039 eo
510 3985 583 4055 quod
605 3985 704 4041 laetum
720 3995 763 4041 est
798 3992 841 4052 56,
861 3992 874 4038 7
893 4001 984 4038 omues
1002 3980 1284 4062 recuperent-babent.
1314 3985 1396 4040 Utru-

148 4053 268 4106 mom
287 4052 364 4107 Voss.
384 4061 396 4106 1
421 4051 503 4106 Beru
520 4055 548 4106 A
569 4053 640 4108 Flor.
663 4056 690 4107 A
708 4057 760 4122 dir,
794 4071 847 4124 que
869 4053 953 4123 igitur
974 4049 1104 4105 imbendi
1125 4055 1194 4101 rutlo
1212 4057 1293 4105 testes
1314 4054 1396 4110 habet

148 4119 221 4174 Flor.
238 4119 288 4175 Bc
307 4124 378 4188 diis,
395 4121 471 4174 leid.
489 4124 565 4188 odis,
589 4121 672 4176 aeteri
688 4123 761 4177 Flor.
796 4121 912 4188 idoneos,
929 4129 1103 4174 veruntamen
1120 4133 1179 4170 cum
1196 4133 1238 4198 rea
1252 4138 1305 4174 uon
1316 4122 1394 4176 sitex

148 4197 178 4242 et
200 4189 282 4244 Beru
303 4189 338 4244 B.
365 4192 466 4244 umetis
488 4190 597 4244 habeut.
637 4190 710 4246 mor.
735 4190 761 4244 G
795 4207 827 4244 eo
850 4205 949 4260 genere
971 4195 1003 4241 ut
1024 4185 1269 4262 Drakenborobmm
1297 4188 1394 4246 imitari

149 4257 256 4312 liberius
281 4257 397 4312 attinxit
420 4261 488 4312 velut
517 4261 545 4312 io
573 4262 658 4314 medio
678 4262 762 4330 positi
796 4256 1179 4323 velimadLiv.vu,181u
1205 4255 1312 4326 singulis
1329 4258 1393 4316 loc'u

148 4327 260 4380 lentim
278 4337 373 4382 amoto
390 4328 513 4397 «qoam.
547 4327 611 4382 Alia
631 4329 762 4383 recentio-
796 4343 824 4382 se
842 4327 918 4382 oodd.
936 4325 1011 4396 sequi
1028 4323 1211 4398 profitentem,
1239 4343 1393 4396 recuperare

148 4411 208 4448 rum
234 4396 361 4450 librorum
387 4394 488 4451 somnia
514 4395 619 4452 omitto.
660 4397 714 4452 Sed
740 4397 763 4452 is
797 4395 918 4468 praetuli.
1360 4429 1364 4440 ·
