3258 5120
550 355 599 404 nn
627 353 753 405 orsam
779 355 888 405 Anax.
916 358 951 424 x,
978 353 1004 403 a.
1317 330 1390 400 495

118 541 305 612 vocibus
340 543 460 606 castra
495 537 692 634 complent,
736 560 928 634 regemque
967 534 1119 607 ferocius
1159 555 1267 628 quam
1307 532 1393 606 alias

15 687 22 732 ,ψ
122 648 289 734 adorti,
322 669 447 718 omnes
475 647 580 720 simul
606 649 811 746 missionem
836 646 1018 742 postulare
1045 653 1253 740 coeperunt,
1280 643 1393 716 defor-

15 808 16 811 ,
46 779 96 825 aa
123 761 221 828 mia
251 781 318 828 ora
343 757 568 831 cicatricibus
594 758 829 853 canitiemque
856 758 1013 853 capitum
1039 763 1270 827 ostentantes.
1319 751 1393 827 Nec
1453 819 1455 824 .

15 917 17 958 ,
126 877 211 939 aut
241 867 507 965 praefectorum
530 867 772 964 castigatione,
799 878 863 940 aut
880 865 1096 940 verecundia
1111 864 1204 961 regis
1223 858 1397 955 deterriti,¹

15 998 19 1074 ,
127 981 378 1054 tumultuoso
405 982 559 1054 clamore
587 988 624 1052 et
648 979 790 1051 militari
817 979 987 1051 violentia
1012 978 1191 1049 volentem
1223 975 1317 1070 loqui
1344 976 1393 1046 in·

15 1143 18 1186 ,
129 1090 338 1183 bibebant,
372 1093 492 1190 palam
527 1090 689 1187 professi,
725 1113 902 1185 nusquam
938 1087 1030 1178 inde,
1065 1087 1131 1160 nisi
1163 1087 1200 1157 in
1232 1088 1393 1184 patriam,

15 1259 19 1303 ,
67 1218 110 1265 14
133 1202 348 1300 vestigium
388 1227 469 1277 esse
511 1211 683 1274 moturos.
745 1197 906 1271 Tandem
947 1198 1085 1276 silentio
1125 1197 1236 1285 facto,
1281 1198 1393 1294 magis

135 1313 236 1410 quia
263 1324 403 1386 motum
430 1336 509 1385 esse
535 1310 745 1399 credebant,
782 1334 889 1407 quam
916 1310 999 1406 quia
1030 1308 1097 1406 ipsi
1128 1306 1264 1378 moveri
1297 1318 1394 1404 pote·

76 1441 115 1487 1⁵
137 1435 247 1513 rant,
276 1421 447 1520 quidnam
474 1433 619 1496 acturus
646 1431 750 1510 esset,
778 1419 1029 1518 expectabant
1081 1418 1153 1510 Ille,
1181 1414 1282 1499 -Quid
1305 1419 1393 1508 lucc,
1500 1437 1502 1442 '

16 1601 19 1623 ,
139 1533 281 1630 inquit,
312 1557 432 1632 repens
458 1535 681 1623 commmatio,
707 1543 829 1604 ettam
855 1553 988 1629 prome
1013 1542 1109 1628 utque
1134 1529 1239 1629 effrata
1265 1529 1394 1604 licentia

15 1626 19 1741 J
59 1676 64 1686 ’
141 1643 353 1718 denuntiat?
403 1644 529 1744 Eloqui
553 1657 678 1717 meato:
709 1641 827 1740 paleam
857 1655 941 1716 certe
970 1640 1109 1739 rupistis
1140 1639 1331 1736 imperium,
1365 1653 1396 1714 ct

15 1743 17 1837 J
136 1756 308 1854 precario
333 1779 395 1829 rea
419 1781 505 1846 sum,
530 1755 587 1828 cui
610 1761 677 1827 uon
694 1753 892 1853 alloquendi,
916 1777 984 1826 non
998 1749 1154 1827 eosqui
1168 1751 1395 1852 monudiqau,

90 1885 124 1930 ιε
146 1879 213 1939 aaut
248 1865 402 1940 iruuurdi
430 1891 489 1940 voa
514 1865 569 1939 ius
593 1864 781 1964 reliquistis.
834 1863 1003 1964 Εᾳυὰἰθιη
1028 1887 1103 1938 cum
1127 1862 1210 1937 ulios
1235 1862 1395 1936 dimittere

146 1976 188 2050 in
209 1976 381 2076 putrium,
413 1976 499 2051 alica
524 1999 653 2049 mecum
677 1973 785 2074 paul>
810 1987 892 2074 post
915 1975 1089 2073 deportare
1112 1975 1295 2064 statuerim,
1327 1985 1396 2046 tum

16 2159 18 2182 ,
149 2087 228 2163 illos
255 2087 477 2162 occursantes
500 2085 607 2178 video,
634 2085 932 2187 quattuisuu,
958 2087 1151 2185 qrtamlroa
1177 2109 1252 2159 cum
1278 2083 1395 2190 quibus

16 2195 17 2199 ’
99 2217 131 2262 1⁷
145 2199 361 2298 poematos
379 2199 534 2299 adsequi
550 2199 660 2272 statui
702 2194 795 2279 Quid
818 2195 878 2270 loc
903 2207 952 2270 est
973 2197 1025 2270 rei
1032 2196 1049 2270 l
1074 2195 1208 2296 dispari
1231 2194 1268 2269 iu
1293 2219 1396 2271 cauca

153 2309 253 2384 idem
273 2309 422 2384 omnium
442 2310 575 2384 'clemor
605 2309 674 2383 est!
726 2307 891 2382 Pervelim
924 2305 1025 2398 scire,
1058 2320 1169 2380 utrum
1202 2306 1262 2406 qui
1294 2307 1395 2382 duee-

103 2437 137 2486 18
155 2419 249 2513 dunt,
276 2446 323 2494 art
349 2423 409 2520 qui
433 2421 623 2510 retinemur,
649 2419 691 2492 de
715 2443 768 2490 mc
794 2429 984 2518 wattun.
1038 2415 1209 2492 Crederes
1236 2443 1307 2491 uno
1334 2443 1396 2492 ore

157 2555 283 2604 omnes
319 2531 507 2604 sustulisse
541 2531 749 2619 clamorem,
788 2529 839 2601 ita
872 2527 1007 2626 pariter
1040 2553 1087 2601 cx
1122 2539 1199 2601 tota
1232 2527 1396 2602 contione

16 2723 17 2728 ,
159 2665 372 2740 responsum
398 2653 465 2732 est,
491 2665 616 2714 omnes
643 2638 752 2736 queri.
1077 2711 1082 2720 ,

15 2745 17 2755 “’
113 2770 143 2817 1⁹
261 2750 354 2824 Tum
379 2751 448 2843 ilie,
481 2749 567 2827 Non
591 2749 734 2841 luracle,
766 2749 896 2846 inquit,
924 2761 1034 2849 potest
1050 2749 1149 2846 fleri,
1182 2762 1219 2823 ut
1243 2751 1446 2824 udduccrlo

161 2864 320 2962 quamdi
342 2862 446 2936 simul
469 2862 621 2937 omnibrcs
646 2861 731 2934 leuc
756 2885 894 2934 cuasam
919 2885 997 2952 esec,
1028 2885 1130 2962 quum
1154 2861 1335 2952 omues,
1360 2861 1398 2934 iu

15 3041 16 3051 ,
164 2998 229 3072 qua
253 2972 362 3048 naaior
388 2999 477 3073 pora
507 2973 669 3048 πατείτω
694 2997 761 3047 nou
791 2982 853 3063 est,
884 2983 992 3070 rupotc
1023 2971 1240 3070 cumplures
1265 2969 1396 3046 dimus·

118 3102 149 3148 2⁰
164 3083 241 3177 rim,
281 3109 384 3184 quom
417 3095 604 3158 retenturus
637 3108 722 3158 aum.
781 3077 900 3156 Subest
937 3081 1098 3155 nimirum
1131 3081 1229 3156 alius
1262 3083 1397 3175 nulum,

169 3284 642 3431 calamitatem}
659 3282 766 3421 ,tta
799 3286 859 3402 ai·
873 3283 1399 3430 tsuazfatntttsmu

170 3419 554 3554 ttcttttatlff‘td
567 3418 766 3541 vliddlli
799 3420 1398 3560 ffllffflmmffllniiq‘iffi

170 3555 235 3626 plum
252 3557 347 3610 docere
363 3563 462 3626 potest,
479 3573 559 3626 quarn
576 3555 676 3609 incerta
693 3564 766 3608 rete·
799 3557 922 3632 emadan
939 3555 974 3608 ad
991 3572 1063 3608 mara
1080 3564 1171 3610 estex
1188 3557 1252 3610 Asia
1268 3557 1297 3610 in
1314 3555 1397 3610 Grae·

171 3641 222 3677 rum
237 3624 362 3678 librorum
379 3623 444 3678 fides
462 3623 491 3677 in
507 3624 548 3677 bis
566 3641 659 3678 vocum
677 3623 766 3676 temri-
799 3639 866 3675 cram
894 3623 988 3677 redire
1024 3623 1203 3678 Veruntamen
1224 3625 1330 3696 requiro
1351 3627 1397 3680 ud·

172 3692 311 3746 nationibus
328 3692 371 3748 ait.
800 3690 896 3744 iactum
914 3691 1013 3772 aliquid
1024 3693 1116 3746 acin
1133 3694 1253 3764 patrituo,
1271 3711 1323 3748 non
1332 3701 1398 3764 puto

203 3764 271 3830 §.lt
305 3763 405 3831 Eloqui
421 3763 515 3830 meuc]
543 3761 617 3814 Vett
635 3759 765 3813 editiones
799 3760 870 3812 nude
886 3759 925 3813 sic
942 3759 993 3814 drci
1010 3763 1171 3828 descendere,
1189 3762 1301 3833 etquod
1350 3779 1398 3833 po-

62 3877 65 3882 .
174 3835 199 3882 et
213 3829 279 3900 vulg.
297 3832 379 3897 timeo,
397 3838 493 3884 eontra
509 3829 631 3883 codicum
647 3845 764 3882 meorum
798 3827 872 3882 nitur
887 3830 996 3882 retineri
1013 3829 1123 3883 alterum
1136 3831 1241 3884 videtur
1256 3840 1317 3902 post
1391 3871 1397 3884 .

175 3904 200 3950 et
209 3913 295 3951 comm
307 3915 373 3968 quoe
382 3897 463 3952 Such
473 3897 588 3951 contulit
601 3913 763 3951 conmotam.
1269 3943 1272 3949 .

179 3969 224 4034 ·§.
237 3973 276 4020 lt.
310 3970 448 4036 deportare
469 3968 617 4033 statuerim]
653 3965 764 4020 Codices
834 3964 1211 4036 Cap.10,§.19.poteetsteri
1224 3977 1252 4020 ut
1265 3967 1396 4040 adducar]

176 4049 253 4088 onnes
269 4042 298 4092 et
315 4035 374 4087 cdd
382 4043 448 4088 vett.
458 4043 607 4098 statuerent,
626 4034 763 4088 aoliBern.
797 4033 904 4087 Medius
915 4035 982 4101 fieri
998 4050 1015 4086 a
1031 4035 1218 4102 nebulonibus,
1242 4053 1306 4106 quos
1324 4035 1397 4102 dicit,

176 4102 196 4156 B
211 4111 234 4156 et
250 4103 349 4157 Vocat
368 4113 512 4156 statueram
530 4104 590 4171 (sed
602 4103 765 4156 Barncarte
798 4102 918 4155 additum
935 4102 1048 4170 censuit,
1070 4120 1152 4173 eoque
1169 4103 1258 4158 deleto
1275 4122 1326 4156 non
1337 4114 1398 4173 pct-

177 4170 243 4224 etiam
260 4175 332 4238 deon)
350 4172 396 4224 sed
414 4177 487 4225 recte
499 4172 652 4224 emendasse
660 4171 765 4226 Iunium
799 4180 837 4224 eet
857 4180 886 4224 ut
902 4173 1024 4224 adducor
1040 4171 1134 4237 edidit,
1160 4173 1228 4224 male
1245 4171 1398 4226 Plautinum

178 4241 250 4302 credo,
261 4257 340 4310 quem
348 4240 432 4294 secuti
441 4248 504 4293 sunt
512 4240 617 4294 Medius
625 4241 765 4311 etreliqni.
799 4237 924 4309 loquendi
953 4256 1036 4309 &nus
1066 4249 1095 4292 et
1120 4257 1208 4293 rarum
1232 4241 1338 4312 quidem
1363 4241 1399 4294 ad

206 4311 371 4363 ucclomomee
389 4311 476 4380 uideo]
511 4308 582 4363 Nota
600 4311 766 4362 acclamatio-
799 4306 958 4377 elegantiam
968 4307 1055 4361 cultae
1064 4308 1190 4362 orationis
1207 4327 1300 4379 prosae
1313 4319 1398 4364 trane·

179 4393 225 4428 nem
239 4375 288 4430 dici
305 4377 330 4430 h.
340 4376 358 4429 l.
376 4377 412 4430 de
430 4378 537 4432 turbido
555 4389 638 4448 atqua
655 4377 765 4430 adverso
800 4376 896 4442 serens,
914 4377 1013 4430 adduci
1029 4393 1078 4447 pro
1090 4377 1183 4432 adduci
1197 4379 1231 4431 ad
1240 4379 1398 4432 credendum

180 4444 284 4514 cunone,
307 4444 378 4501 sicut
394 4447 450 4500 tere
466 4447 538 4517 apud
556 4447 711 4502 Ciceronem
727 4445 766 4497 fit.
801 4443 1004 4499 Ciceronianam
1021 4453 1069 4498 eat.
