3384 5056
227 303 299 374 326
357 343 361 350 -
696 314 729 377 Q.
758 311 881 366 onaan
906 311 991 366 nunt

206 511 265 575 ·ut
303 500 412 574 ceteri
451 497 560 574 eladis
599 500 675 575 eius
713 501 878 598 exemplo
917 491 1194 574 continerentur.
1253 495 1462 584 Memaceni,
1483 513 1519 560 ιτ

223 609 346 683 valida
376 633 481 708 gens,
520 609 742 686 obsidionem
780 637 853 685 non
889 620 930 683 ut
954 609 1197 682 honestiorem
1234 607 1359 699 modo,
1398 605 1464 680 sed

224 719 330 792 etiarn
363 731 402 794 ut
438 724 623 814 tutiorem,
658 723 750 796 serre
783 720 1026 796 decreverant
1079 714 1139 788 Ad
1173 742 1324 813 quorum
1356 719 1464 816 perti·

222 831 359 905 naciam
386 831 619 931 mitigandam
643 856 709 904 rex
732 832 905 926 aequites
933 825 1126 924 praemisit,
1153 827 1214 922 qui
1239 828 1465 901 clementiam

222 941 331 1041 ipsius
356 944 392 1016 in
420 942 571 1031 deditos,
596 941 771 1036 simulque
795 937 1051 1011 inexorabilem
1073 937 1231 1008 animum
1244 937 1281 1008 in
1300 935 1464 1010 devictos

222 1052 465 1150 ostenderent
518 1051 573 1124 Illi
608 1049 744 1122 neoda
776 1048 862 1139 fide,
894 1072 960 1121 neo
986 1046 1032 1120 de
1058 1049 1219 1145 potentia
1244 1047 1338 1145 ragis
1363 1047 1463 1146 ipsos
1483 1066 1518 1114 rs

226 1162 390 1235 dubitare
426 1159 659 1257 respondent,
695 1159 902 1258 equitesque
934 1156 1083 1232 tendere
1114 1167 1220 1230 extra
1244 1160 1466 1232 munimenta

230 1270 327 1346 urbis
355 1270 496 1344 iubent:
524 1269 747 1369 hospitaliter
772 1269 902 1344 deinde
928 1280 1100 1370 exceptos
1125 1291 1325 1366 gravesque
1352 1270 1465 1365 epulis

228 1391 266 1455 et
291 1405 416 1456 somno
443 1382 658 1481 intempesta
682 1392 787 1456 nocte
813 1381 930 1456 adorti
954 1383 1220 1456 interfecerunt
1254 1377 1464 1452 Alexander
1484 1399 1519 1446 rs

227 1491 325 1566 haud
351 1515 470 1584 secus,
497 1515 604 1589 quarn
629 1517 696 1592 par
721 1503 815 1584 erat,
841 1503 976 1583 motus,
1008 1491 1136 1564 urbem
1162 1515 1295 1565 corona
1319 1490 1465 1562 circum·
1526 1559 1531 1565 .

226 1604 340 1694 dedit,
378 1603 624 1695 munitiorem,
663 1627 769 1700 quam
809 1607 859 1674 ut'
888 1602 1002 1700 primo
1041 1601 1178 1699 impetu
1216 1601 1294 1699 capi
1332 1611 1465 1698 posset

224 1713 350 1812 Itaque
376 1711 596 1810 Meleagrum
622 1724 669 1786 et·
685 1711 891 1786 Perdiccam
916 1713 953 1786 in
979 1711 1202 1788 obsidionem
1227 1711 1360 1810 iungit,
1396 1709 1465 1811 Cy·

224 1825 393 1923 ropolim,
429 1831 579 1898 utente
605 1821 740 1897 dietum
765 1833 839 1912 est,
865 1821 1083 1897 obsidentes.
1134 1820 1319 1896 Statuerat
1343 1833 1464 1902 autern
1482 1843 1521 1890 ao

226 1957 371 2033 parcere
405 1933 486 2006 urbi
519 1933 683 2008 conditae
710 1961 732 2008 a
757 1931 872 2034 Cyro,
907 1933 1038 2032 quippe
1069 1959 1144 2007 non
1169 1934 1278 2007 alium
1302 1933 1464 2032 gentium

186 2095 190 2102 -
224 2045 365 2118 illarum
390 2045 504 2144 magis
529 2045 725 2118 admiratus
751 2055 821 2135 est,
848 2069 955 2143 quam
981 2045 1078 2118 hunc
1102 2067 1224 2141 regem
1242 2055 1288 2120 et
1313 2040 1463 2118 Semira-

224 2153 342 2247 minis
361 2178 453 2253 quos
479 2164 517 2228 at
542 2153 787 2255 magnittidine
821 2156 929 2229 animi
954 2165 993 2230 et
1018 2155 1179 2232 olamtate
1212 2179 1335 2230 rerum
1358 2155 1465 2253 longe

226 2265 410 2342 emicuisse
435 2262 614 2340 credebat
667 2263 834 2342 Ceterum
859 2267 1054 2365 pertinacia
1087 2264 1348 2364 oppidanomm
1373 2265 1464 2338 iram
1481 2283 1517 2331 ιι

227 2379 303 2452 eius
329 2375 502 2452 accendit
553 2377 678 2476 Itaque
704 2386 846 2476 captam
871 2377 998 2452 urbem
1024 2377 1129 2476 diripi
1153 2375 1257 2452 iussit
1281 2387 1320 2452 et
1345 2375 1465 2450 deleri:

262 2559 326 2640 Cap.
344 2567 387 2628 27,
413 2565 438 2628 s.
458 2567 498 2616 16.
532 2561 617 2616 clodis
635 2563 691 2616 eius
708 2563 828 2632 eserrplo.
863 2578 890 2616 se
907 2559 1048 2616 eontulisae
1065 2577 1122 2616 earn
1142 2575 1175 2613 oe
1187 2561 1281 2615 urbem
1293 2560 1467 2640 murisaqoes·

226 2627 343 2683 Restitui
369 2630 442 2696 eius,
469 2645 549 2710 quam
573 2645 664 2684 vorem
690 2629 776 2684 Aldus
801 2638 830 2684 et
862 2629 927 2684 satis
943 2627 970 2684 ri
987 2629 1094 2701 cepisse.
1123 2577 1183 2683 bed
1205 2631 1269 2685 bseo
1289 2639 1407 2684 nsrrsuo
1424 2635 1467 2681 ts·

226 2693 317 2750 Ionius
338 2697 407 2751 male
428 2703 571 2752 omiserant
593 2715 642 2752 uec
657 2697 748 2752 Medio
768 2697 829 2751 reli·
862 2714 923 2752 men
943 2699 978 2752 ab
994 2698 1109 2752 Arriano
1130 2697 1276 2770 discrepat,
1303 2697 1349 2770 qui
1365 2697 1467 2751 Mema-
1506 2725 1514 2737 ·

227 2766 272 2836 qui
290 2773 443 2835 paruerant,
461 2765 596 2820 moenai
610 2767 679 2820 siout
691 2783 750 2820 mss.
765 2766 829 2820 fides
863 2782 989 2821 cenorum
1005 2768 1072 2820 arbe
1089 2783 1144 2821 nou
1164 2773 1379 2831 comemorats,
1398 2780 1467 2836 quse

226 2833 351 2904 postulat.
387 2833 459 2888 Urbs
475 2833 514 2886 sio
529 2842 609 2905 capta
622 2833 696 2888 Gaas
711 2835 829 2906 appella-
864 2833 973 2889 Curtius
998 2834 1033 2887 de
1059 2833 1169 2888 vulnere
1191 2835 1269 2902 Alex.
1293 2843 1399 2902 nmrst,
1431 2833 1467 2886 sd

227 2905 313 2968 batur,
331 2903 436 2955 Arrisn.
450 2915 490 2968 w,
505 2907 536 2968 2,
564 2919 653 2956 omnes
670 2911 759 2956 sutem
775 2920 829 2957 non
864 2901 1003 2974 Cyropolis
1020 2902 1243 2974 expuguationem
1264 2905 1354 2957 refert

225 2971 321 3044 procul
337 2973 443 3024 hassia
460 2985 537 3023 amus
554 2970 619 3026 sitae
635 2979 721 3025 erant.
897 2973 921 3040 ς.
938 2976 981 3026 20.
1015 2989 1080 3042 quos
1098 2981 1122 3025 ee
1144 2973 1325 3042 aequandae
1342 2970 1426 3024 αιιίιιιί
1441 2979 1466 3023 et

262 3042 285 3108 5.
313 3043 354 3093 17.
397 3037 582 3092 immobilem
618 3041 741 3093 ωιίιιιιιιιι.
784 3039 830 3094 Sic
862 3039 990 3093 οἱαιίιιιιὲ.
1025 3037 1072 3094 Sic
1087 3039 1193 3094 Medius
1215 3039 1242 3094 in
1263 3039 1316 3094 sois
1337 3039 1467 3092 manbre·

226 3107 341 3174 Modius,
360 3121 420 3160 cum
437 3106 529 3160 luisset
545 3110 710 3175 sacrabilern,
728 3123 756 3162 ss
769 3125 829 3162 cor·
864 3106 912 3172 nis,
930 3115 958 3160 et
973 3123 1024 3178 ego
1041 3107 1069 3162 in
1086 3107 1157 3162 Flor.
1175 3107 1290 3162 DEFGI
1311 3105 1466 3161 invenimus.

225 3176 324 3231 rexisse
341 3173 406 3230 dicit
421 3175 548 3228 adversm
565 3175 661 3244 libros,
687 3176 771 3231 aditos
788 3175 829 3230 in·
862 3175 954 3230 Edunt
968 3184 1057 3229 sutem
1073 3176 1155 3247 volgo
1172 3177 1201 3230 ia
1218 3179 1278 3247 quis
1294 3185 1319 3229 st
1334 3176 1466 3244 mopnz'tu-

225 3243 332 3313 telligit,
349 3251 377 3296 at
391 3242 499 3297 ridicule
512 3242 650 3313 gloriator,
663 3261 724 3298 nam
739 3243 828 3316 scripti
863 3246 949 3298 dinem
965 3275 1000 3284 -
1016 3246 1176 3312 εἱιιιίιιιιειιι,
1200 3245 1246 3298 sed
1267 3243 1409 3298 exhibetur
1428 3241 1467 3296 sic

224 3312 330 3383 quidam
360 3312 443 3365 nostri
468 3327 559 3365 omncs
588 3321 619 3366 ut
644 3329 716 3368 nunc
740 3312 830 3367 aditur
862 3313 890 3366 in
905 3329 960 3366 noo
977 3321 1083 3366 tautum
1099 3312 1172 3368 Flor.
1188 3313 1223 3382 B,
1240 3311 1268 3366 in
1285 3311 1394 3384 reliquis
1410 3311 1467 3364 sere

225 3381 334 3435 habent.
377 3382 462 3434 Victor
479 3380 566 3433 minus
582 3383 650 3436 bene
666 3380 737 3435 Flor.
752 3379 828 3436 CEH
862 3383 964 3451 inques
979 3381 1077 3448 inest,
1095 3389 1127 3436 ut
1143 3383 1173 3435 ιἰι
1188 3382 1323 3453 pertineat
1339 3380 1373 3433 ad
1390 3387 1467 3433 uun-

226 3447 349 3503 sema
371 3449 448 3501 Voss.
462 3454 488 3515 2,
514 3448 561 3520 qni
587 3451 642 3503 lare
667 3449 828 3520 conspirant
862 3465 922 3503 cum
946 3449 1061 3504 nominis
1086 3449 1261 3522 praegressi,.
1276 3456 1324 3503 sut
1349 3448 1372 3502 si
1396 3447 1467 3502 forte

226 3517 310 3571 Iidem
338 3515 422 3570 nostri
456 3518 547 3570 adorti
580 3517 715 3572 omittunt.
758 3517 829 3570 Τιιιιι
865 3518 1030 3571 Samiramim
1047 3519 1076 3570 in
1094 3535 1158 3590 quos
1174 3517 1302 3589 scriptum
1319 3526 1370 3583 est,
1391 3515 1467 3570 utin

227 3589 288 3638 inde
313 3601 362 3656 pro
388 3585 481 3638 dando
506 3583 579 3640 Flos.
596 3583 687 3640 DFGI
711 3594 741 3639 et
765 3585 829 3639 edit
863 3585 935 3640 Flor.
960 3586 1020 3652 AC,
1111 3586 1267 3658 positionem
1292 3603 1327 3639 ex
1352 3585 1468 3655 repetita
1578 3599 1584 3609 ·

226 3653 302 3708 Mod.
864 3653 959 3726 prioris
985 3671 1052 3708 vocs
1071 3653 1108 3708 uli
1133 3654 1228 3708 ultima
1253 3653 1355 3725 syllaba
1381 3660 1468 3707 ortam

197 3783 199 3792 s
262 3727 285 3790 ς.
312 3727 353 3802 19..
391 3719 555 3792 Cyropolim,
589 3731 616 3776 ut
646 3733 708 3776 cnse
734 3725 830 3776 dictum
865 3738 922 3776 eme
938 3731 1059 3794 apparet
1088 3723 1240 3777 Aocumtivi
1258 3729 1348 3776 sutem
1365 3739 1389 3775 ιιι
1427 3722 1469 3773 m·-

227 3789 829 3912 nmstanrffl
863 3793 980 3913 ιιι
999 3859 1232 3914 .
1261 3739 1467 3912 tunnis

228 3927 347 3981 lamnam
367 3939 425 3978 csse
445 3924 563 3992 velimus,
587 3925 637 3994 (sic
654 3877 765 3981 sortdbse
782 3943 829 3980 ex·
863 3875 1039 3982 babendgusut
1068 3877 1407 3999 iedentqmapnuodinem
1432 3957 1469 3968 -

228 3993 351 4074 plandsrn
367 3995 424 4063 ipse
484 3994 620 4062 ficiscitur
636 3998 674 4049 sd
692 3996 829 4050 Cratemm
863 3998 991 4050 clarinto.
1021 4065 1027 4078 .
1122 4065 1128 4078 ι
1327 4065 1333 4078 ¹
1393 4065 1399 4076 ι
1421 4033 1424 4040 ‹

228 4009 830 4186 salictum
863 4067 1003 4187 ιιιι.
1016 4063 1365 4186 tristatas
1388 4080 1467 4184 ιιι

228 4199 320 4264 luisse,
344 4214 449 4269 samque
471 4199 593 4253 darocam
616 4217 632 4252 a
650 4151 774 4271 Cyropoll
796 4201 830 4254 sd
864 4200 908 4274 qui
925 4217 1016 4255 omnes
1032 4200 1102 4254 sicut
1117 4199 1273 4272 scripsimus

228 4267 443 4322 Memacenorum
455 4268 546 4320 urbem
560 4270 774 4338 oppugnandam,
789 4287 830 4323 re·
899 4271 982 4339 diripi
1004 4270 1082 4322 iussit
1105 4279 1129 4322 et
1151 4269 1241 4322 deleri.
1268 4269 1345 4334 ‚Turn
1365 4269 1468 4322 Munn-

229 4352 289 4406 gam
307 4334 421 4388 antemi
454 4353 507 4402 um,
526 4335 568 4389 cui
581 4337 830 4408 captanunnrbium
864 4339 936 4391 senia
957 4367 993 4380 -
1014 4339 1125 4408 insectus
1146 4340 1185 4390 nd
1204 4337 1245 4391 Μ.
1279 4335 1378 4391 Iseum
1404 4353 1467 4390 oon·

230 4403 321 4478 titulos
329 4404 423 4459 sersoe
441 4405 614 4473 arentduces,
632 4405 666 4458 ad
680 4404 831 4480 Cyropolim
865 4405 940 4460 stitui
956 4405 1069 4460 Acidalii
1092 4404 1234 4477 plur-imum
1251 4403 1407 4460 emendandi
1424 4422 1467 4459 rs·
