3336 5066
556 345 606 397 nn
633 345 760 399 onsms
790 293 901 398 anax.
926 346 964 417 v,
992 349 1036 399 u.
1362 328 1433 402 181

176 524 302 596 danos
329 525 463 599 malum
489 530 652 628 urgebat,
677 552 745 601 nec
771 527 848 599 sisti
874 527 931 600 vis
957 527 1117 602 hostium
1142 539 1297 625 poterat
1343 530 1436 605 Pau·

176 636 236 707 cis
263 633 313 708 ad
338 639 581 727 moriendum,
607 636 770 735 pluribus
796 637 844 709 ad
869 639 993 737 fugam
1019 640 1160 713 animus
1186 638 1269 731 luit,
1306 667 1438 740 magna

177 771 272 844 pars
308 749 345 820 in
377 774 496 822 arcem
531 747 717 820 concessit
768 746 857 822 Inde
882 774 964 822 xxx
1000 750 1203 824 oratoribus
1237 751 1355 824 missis
1388 752 1436 826 ad

177 857 469 956 deprecandum,
502 857 606 932 triste
637 883 850 956 responsum
876 885 899 933 a
925 885 1010 958 rege
1045 860 1223 951 redditur,
1255 887 1329 934 non
1357 885 1436 936 esse

118 990 155 1038 12
178 971 314 1044 veniae
347 970 474 1040 locum.
526 967 653 1066 Itaque
684 969 938 1066 suppliciorum
975 996 1117 1068 quoque
1150 983 1249 1044 metu
1281 971 1436 1068 perculsi

178 1081 233 1152 nd
265 1077 521 1176 Sisygambim,
557 1079 665 1154 Darei
700 1091 869 1172 matrem,
907 1084 1049 1155 occulto
1084 1082 1212 1155 itinere
1238 1081 1436 1180 ignotoque

178 1188 352 1262 hostibus
391 1191 541 1265 mittrmt
571 1191 632 1286 qui
664 1197 844 1287 peterent,
885 1202 926 1264 ut
960 1193 1041 1290 ipsa
1080 1217 1203 1290 regem
1242 1193 1435 1290 mitigaret,

177 1297 286 1372 baud
309 1301 444 1400 ignari,
470 1301 629 1400 parentis
656 1323 736 1372 eam
762 1299 842 1374 loco
868 1301 966 1400 diligi
993 1305 1142 1402 colique.
1194 1301 1244 1376 Et
1269 1301 1434 1377 Medates

181 1411 321 1484 sororis
362 1413 439 1485 eius
479 1412 589 1482 filiam
623 1433 746 1483 secum
786 1413 1015 1486 matrimonio
1050 1415 1236 1502 iunxerat,
1275 1411 1436 1488 Dareum

121 1540 157 1590 1:
181 1522 389 1621 propinqua
422 1521 635 1620 cognatione
668 1522 890 1619 contingens.
951 1522 1024 1597 Diu
1050 1521 1274 1623 Sisygambis
1303 1525 1435 1624 suppli·

155 1657 268 1722 cum
293 1632 459 1729 precibus
485 1633 719 1732 repugnavit,
746 1632 925 1725 abnuens,
953 1633 1243 1733 deprecationem
1270 1659 1337 1732 pro
1364 1635 1435 1720 illis

180 1768 259 1816 non
286 1744 478 1818 convenire
510 1743 692 1835 fortunae,
725 1745 762 1816 in
788 1769 861 1842 qua
886 1757 1000 1819 essct:
1037 1746 1245 1844 adiicitque,
1271 1756 1434 1819 metuere

181 1877 336 1944 sesana
361 1856 508 1929 victoris
534 1855 793 1955 indulgentiam
817 1856 997 1955 fatigaret,
1023 1857 1238 1970 saepiusque
1264 1856 1433 1955 cogitare,

124 1985 163 2034 14
182 1965 367 2062 captivam
402 1989 482 2039 esse
514 1991 569 2057 se,
601 1991 711 2070 quam
741 1967 904 2066 reginam
929 1967 1050 2042 tuisse.
1102 1967 1164 2039 Ad
1191 1967 1357 2040 ultimum
1383 1967 1434 2040 vi·

156 2085 246 2150 cta
271 2075 399 2149 litteris
424 2076 676 2153 Alexandrum
706 2078 758 2152 ita
789 2077 984 2176 deprecata
1008 2089 1082 2152 est:
1119 2088 1161 2151 ut
1185 2077 1302 2180 ipsam
1328 2075 1437 2152 excuss

181 2196 293 2276 saret,
321 2184 419 2282 quod
445 2178 714 2285 deprecaretur:
739 2199 863 2287 petere
889 2213 939 2278 se,
966 2199 1008 2262 ut
1033 2189 1102 2263 illis
1129 2213 1288 2286 quoque;
1315 2190 1347 2263 si
1372 2189 1434 2260 mi·

181 2322 264 2386 nus,
291 2296 359 2372 sibi
384 2297 603 2396 ignosceret:
630 2325 698 2398 pro
724 2300 927 2374 necessario
953 2301 1224 2399 appropinquo
1251 2323 1318 2371 suo
1325 2354 1334 2388 ,
1361 2298 1434 2370 iam

127 2427 161 2476 1⁵
181 2432 260 2480 non
293 2406 416 2498 hoste,
449 2408 515 2483 sed
548 2410 724 2507 supplice,
760 2419 903 2483 tantum
929 2410 1043 2482 vitam
1069 2409 1217 2506 precari.
1269 2406 1435 2497 Modera·
1490 2408 1492 2414 ’

181 2520 321 2591 tionem
346 2519 642 2617 clementiamque
668 2521 780 2618 regis,
816 2544 908 2614 quac
934 2531 1022 2592 tunc
1048 2521 1133 2610 fuit,
1160 2521 1220 2593 vel
1246 2546 1319 2593 una
1344 2521 1434 2593 haec

181 2653 244 2702 res
270 2629 386 2726 possit
412 2627 617 2704 ostendere:
644 2656 718 2704 non
743 2628 881 2704 Medati
907 2629 1016 2705 modo
1042 2631 1192 2728 ignovit,
1215 2630 1281 2704 scd
1307 2654 1432 2703 omnes

184 2749 223 2812 et
250 2739 391 2812 deditos
418 2749 457 2813 et
482 2741 644 2838 captivos
678 2741 844 2814 libertate
879 2751 988 2838 atque
1021 2742 1246 2814 immunitate
1273 2740 1432 2830 donavit,

183 2849 313 2924 urbem
337 2849 481 2948 reliquit
505 2851 689 2942 intactam,
716 2876 823 2950 agros
850 2850 927 2925 sine
955 2853 1091 2924 tributo
1119 2851 1235 2924 colere
1261 2852 1432 2949 permisit

181 2960 218 3034 A
244 2961 382 3034 victore
407 2959 528 3036 Dareo
554 2963 660 3060 plura
684 2972 801 3036 mater
826 2987 900 3052 non
925 2962 1164 3060 impetrasset

217 3138 242 3204 ξ.
262 3142 303 3215 Ιβ.
325 3136 511 3216 appplicionqn
530 3153 629 3204 quoque
647 3146 714 3190 metu
732 3136 749 3190 i.
767 3153 790 3190 e.
826 3137 914 3190 lacera
932 3153 984 3189 non
1004 3153 1111 3216 possum
1128 3135 1192 3216 quin
1210 3136 1347 3216 restituam
1361 3137 1433 3216 quod

181 3221 237 3258 non
260 3203 386 3274 nmpbcn
414 3212 506 3256 mortis
530 3213 640 3258 tantum.
685 3207 791 3275 Quoque
825 3205 965 3274 alinguac
981 3203 1092 3257 Latum
1113 3213 1215 3258 ratione
1240 3205 1305 3258 mibi
1327 3205 1434 3276 quidem

181 3289 217 3324 ex
234 3272 349 3393 aptamus
358 3270 431 3352 libris
452 3271 526 3324 Leia
544 3273 622 3326 Voss.
642 3280 654 3325 1
674 3271 790 3328 alona
825 3292 878 3327 non
897 3291 1005 3343 prorsus
1025 3272 1129 3352 videtur
1145 3273 1299 3354 abhorrere,
1327 3273 1433 3353 cumin

182 3337 405 3488 ifmffqilboei.
417 3340 561 3475 aliia?
572 3345 790 3488 affluit}
823 3341 1435 3490 gluiclegi'illinffiiiadimidii}

182 3477 789 3626 salmantinam
824 3479 1154 3628 :putasae-¹:
1176 3480 1433 3626 :aetnae

183 3631 244 3682 ψεα
262 3631 348 3684 repam
366 3631 463 3684 quoque
481 3613 565 3682 (Flor.
583 3613 632 3667 DF
650 3614 709 3668 Pal.
729 3619 766 3684 1).
826 3625 909 3696 eatque
927 3633 998 3669 nnnc
1014 3632 1116 3685 scripsi.
1141 3633 1204 3685 qum
1225 3633 1262 3669 uc
1284 3614 1326 3668 vel
1344 3624 1432 3686 potrus

825 3686 957 3753 adicitque
979 3693 1020 3737 est
1048 3683 1077 3738 in
1102 3683 1183 3736 Bcrn
1205 3686 1232 3736 Α
1260 3682 1331 3737 Flor.
1356 3681 1431 3738 ABG

183 3799 218 3836 ex
244 3783 430 3858 integrioribus
453 3783 525 3836 libris
547 3785 658 3850 addere,
683 3803 745 3838 nam
768 3784 790 3838 ri
824 3751 899 3874 ἓξὲξ
915 3753 1180 3890 gg'sgffilfflgwt
1197 3752 1341 3872 ἒέἳῗεᾱέἓι
1354 3750 1432 3873 dilig:

183 3853 303 3974 Μ’ῗέ
320 3869 375 3974 tzffi
392 3852 469 3932 ihm
485 3869 535 3904 ⁰¹⁸¹
553 3853 586 3904 de
604 3854 684 3924 ’βίω
701 3870 790 3908 ”mm
824 3888 919 3942 nostris
937 3897 965 3941 ct
982 3889 1046 3944 odit.
1067 3887 1141 3942 Mon
1168 3889 1324 3959 saepiusque
1341 3888 1432 3942 addita

183 3937 261 3991 pm
291 3939 319 3974 ω
375 3937 411 3992 μ
825 3957 1012 4012 coniunctione
1030 3957 1098 4010 dedi.

218 4027 305 4090 5¹³·
340 4041 392 4077 non
410 4024 546 4078 convenire
554 4025 697 4095 fortunae]
733 4025 789 4078 Ne·
859 4031 936 4092 §.15.
954 4028 1073 4079 libertate
1091 4035 1167 4095 etque
1184 4026 1355 4093 immunitate]
1374 4025 1432 4078 Ad-

182 4090 263 4162 gandi
286 4091 444 4163 particulam
470 4091 529 4144 libri
557 4109 647 4145 omnes
673 4100 702 4145 et
729 4092 789 4146 msti
824 4093 895 4146 ditur
914 4094 940 4147 in
957 4094 1064 4164 optimis
1082 4111 1113 4147 ac
1131 4093 1262 4173 plerisque
1280 4092 1352 4148 libris
1371 4112 1431 4147 mss.

182 4169 212 4214 et
236 4159 299 4214 olim
325 4160 389 4213 editi
412 4159 556 4227 exhibent,
580 4161 664 4214 donce
682 4160 789 4216 Medius
824 4173 847 4215 et
871 4173 933 4215 anta
958 4165 1089 4227 libertate,
1122 4161 1201 4215 iidem
1227 4171 1314 4215 tamen
1341 4179 1431 4215 omnes

182 4245 242 4281 eam
266 4228 378 4282 scutalia
413 4229 493 4282 Hunc
510 4229 590 4282 secuti
614 4239 677 4282 sunt
699 4247 790 4283 recen·
823 4241 900 4299 atque
917 4243 1031 4284 servant.
1063 4229 1211 4284 Omninos
1255 4231 1345 4284 ucntia
1362 4227 1431 4283 illius

182 4297 264 4350 tiores
281 4297 409 4364 editores,
434 4298 551 4352 convicio
577 4298 658 4364 illius,
686 4297 789 4368 opinor,
822 4300 967 4369 particulae
987 4299 1116 4379 repetitae
1133 4299 1232 4353 librarii
1270 4299 1303 4352 .l.
1323 4305 1431 4351 inemo-

183 4365 315 4428 deterriti,
338 4367 409 4436 quod
431 4365 599 4436 elephantino
617 4366 688 4420 corio
706 4377 788 4421 tectos
823 4385 878 4420 ren:
889 4368 987 4422 inducti
998 4369 1128 4434 ridentur,
1148 4379 1178 4420 ut
1191 4377 1342 4439 repeterent
1350 4367 1431 4420 ctiam

183 4433 345 4506 appellavit,
370 4435 391 4487 si
408 4434 453 4506 qui
471 4435 548 4488 aliter
565 4435 699 4490 sentirent
735 4435 789 4490 Sed
823 4435 867 4490 ubi
887 4455 940 4490 non
958 4455 1025 4509 opus
1044 4447 1119 4490 esset

218 3717 319 3769 aarum
337 3715 505 3783 eiurfilicm]
534 3715 648 3768 Necesse
666 3717 716 3769 fuit
733 3718 790 3770 eiua
