3330 5050
225 305 297 378 356
700 305 733 380 Q,
761 305 883 368 cusan
907 303 992 368 RUFI

290 499 350 566 (tt)
372 493 439 550 blox
464 495 634 568 Polypercon
655 494 755 551 Noram
780 495 853 568 cspit
874 489 1005 568 (τὰὨρα
1021 497 1097 564 opud
1113 497 1280 566 Aurum),
1301 495 1459 550 Alexander

220 573 323 630 Aornin
346 583 464 644 petrem,
491 574 525 628 ad
544 573 638 627 lnduns
660 573 750 639 sitam,
777 591 931 646 oppugnare
951 571 1053 627 statuit.
1088 569 1272 626 Perdat-untur
1293 573 1457 626 Macedones

221 650 249 704 iu
266 665 392 704 acumen
409 649 562 721 oppositum
583 649 620 704 illi
639 652 712 722 qnod
733 653 892 706 obsederm
913 647 1024 703 barbari
1058 646 1209 716 voragines
1226 648 1375 718 explenusr.
1395 653 1456 716 (40)

221 726 278 796 ipse
291 744 338 780 rex
351 745 411 780 cum
429 727 523 782 leviter
539 727 646 782 armatis
662 747 710 799 per
725 745 803 798 nipe·
820 725 889 780 amni
907 723 1087 794 impendentes
1103 723 1132 775 in
1148 729 1275 777 verticem
1291 725 1392 792 nitim,
1409 725 1459 778 sed

222 802 328 874 inoepto
351 803 478 858 desistere
500 804 612 874 cogitur.
648 807 708 874 (44)
726 805 906 858 Veruntamen
923 798 1068 870 pertinacia
1080 797 1136 852 eina
1148 798 1212 851 victi
1229 800 1334 852 barbari
1351 811 1458 870 petram

222 889 303 934 nocua
320 881 447 935 deserunt
461 881 545 934 effusa
560 880 630 950 fuge
665 880 730 933 lndc
746 879 906 941 Alexander,
930 875 1011 945 pulsis
1027 875 1073 947 qui
1091 875 1185 929 itinera
1202 875 1359 929 obsidebant
1372 877 1456 944 Indis,

222 955 360 1012 Ecbolima
378 958 465 1022 venit,
484 959 543 1024 (44)
561 955 622 1008 hinc
638 955 671 1007 ud
689 973 749 1008 eum
766 955 864 1018 locirm,
882 951 926 1006 ubi
943 969 1010 1022 pons
1028 951 1055 1004 in
1073 951 1141 1005 lndo
1159 951 1266 1006 flumine
1282 965 1459 1024 praeperans

223 1042 289 1087 erat
326 1032 454 1103 Omphis,
481 1047 528 1084 rex
551 1031 620 1083 inter
637 1029 732 1084 Indum
753 1040 781 1084 ct
802 1029 947 1100 Hydaspen
970 1045 1073 1095 munes,
1098 1029 1252 1084 Alexandro
1273 1030 1401 1098 ocesrmit,
1429 1047 1460 1084 se

223 1127 323 1180 suaque
340 1109 400 1162 fidei
423 1107 479 1160 eins
500 1104 661 1177 permittens.
697 1111 754 1174 (4³)
781 1105 931 1160 Alexander
955 1121 1015 1158 eum
1042 1113 1070 1158 et
1095 1105 1213 1160 restituit
1239 1107 1265 1158 in
1291 1123 1403 1178 regnum
1429 1117 1460 1161 et

222 1186 325 1256 ηςὶιιηι
337 1201 433 1238 nomen
447 1182 560 1236 Tuilen
572 1199 673 1236 minere
685 1182 768 1251 iubet,
785 1184 857 1237 donn
870 1183 958 1250 cuam,
976 1199 1044 1253 quse
1058 1181 1106 1254 ipsi
1124 1182 1265 1249 obtulerat,
1283 1184 1460 1255 multiplicata

222 1261 324 1328 reddit,
351 1258 572 1315 murmurantibus
593 1258 749 1330 quibusdem
769 1261 952 1316 Macedonum.
987 1261 1047 1330 (44)
1068 1259 1202 1328 Abisares,
1223 1257 1295 1312 ultra
1312 1261 1460 1332 Hydaspen

222 1337 340 1408 regulus,
362 1338 506 1402 (Arrianus
529 1347 708 1390 montanorum
725 1339 850 1392 Indormn
873 1341 944 1404 dicit)
968 1336 1062 1408 legetis
1080 1336 1176 1404 missis,
1202 1353 1261 1390 sese
1277 1335 1359 1390 dedit
1393 1341 1460 1390 Bar·

222 1423 330 1468 nentes
347 1422 375 1468 et
393 1412 527 1468 Gamuus
548 1413 659 1468 rebelles
681 1413 763 1468 vincti
789 1417 962 1470 adducuntur.
996 1414 1083 1469 Poma
1104 1422 1193 1468 antem
1209 1411 1365 1467 dederimus
1381 1413 1409 1466 in
1427 1429 1461 1466 es

223 1491 331 1562 regione
347 1509 405 1558 rex,
422 1499 514 1562 spreta
530 1489 674 1557 deditione,
690 1490 719 1544 in
732 1491 859 1546 ulteriore
868 1491 1000 1562 Hydaspis
1017 1491 1076 1562 ripe
1092 1508 1151 1544 cnm
1163 1489 1281 1544 exercitu
1293 1491 1461 1558 consederat,

223 1569 387 1624 Macedones
404 1568 520 1622 transitu
535 1565 721 1637 prohibitam
756 1570 815 1638 (45)
833 1570 870 1622 Et
885 1570 969 1624 smnio
985 1568 1133 1640 profundus
1146 1574 1174 1620 et
1190 1567 1285 1620 murati
1297 1567 1371 1638 ripss
1384 1584 1462 1638 prae-

197 1643 204 1651 '
223 1645 339 1700 sidentes
357 1654 462 1700 tenent
478 1645 647 1710 Macedones,
669 1661 779 1714 quorum
796 1643 901 1698 iuvenes
918 1643 1050 1710 nonnulli,
1069 1643 1223 1696 blandiente
1239 1660 1360 1698 sucresm
1377 1655 1463 1698 teme

224 1721 287 1778 rarii
312 1721 390 1789 nat,
421 1723 454 1775 ab
481 1720 554 1774 Indis
579 1717 771 1791 opprimuntur.
810 1721 869 1791 (46)
894 1720 984 1775 Nihilo
1009 1720 1094 1774 minus
1120 1718 1272 1774 Alexander
1300 1723 1472 1793 tempestate

223 1799 329 1853 adiutus
348 1797 417 1851 clem
434 1798 554 1852 hostibus
571 1813 675 1850 amnem
691 1795 794 1850 uehat
829 1801 887 1868 (47)
905 1797 967 1862 Quo
982 1805 1118 1868 comperto
1130 1797 1218 1852 Porus
1230 1795 1343 1867 primum
1356 1797 1463 1870 equites

224 1883 253 1930 et
274 1873 416 1946 quadriges
441 1873 539 1945 agmini
560 1873 784 1946 appropinquanti
805 1875 909 1942 obiicit,
935 1874 983 1928 sed
1003 1891 1127 1930 munuum
1148 1875 1274 1930 auxilium
1295 1873 1399 1928 irritum
1421 1875 1463 1928 fia

225 1955 284 2020 (48)
301 1951 373 2006 Tum
389 1950 546 2022 elephantos
562 1949 716 2020 peditesque
732 1949 840 2006 inducit.
873 1951 1025 2006 Alermder
1041 1969 1101 2006 orm
1117 1953 1228 2008 ducibus
1244 1951 1381 2022 sepiarum
1397 1951 1464 2024 qnid

225 2028 282 2082 fieri
299 2027 381 2082 vellet
397 2027 566 2099 imperasset,
592 2026 649 2097 ipse
669 2026 768 2098 primm
788 2045 848 2082 oum
870 2026 990 2098 equitatu
1010 2045 1066 2082 rem
1089 2029 1166 2100 gerit
1201 2032 1260 2099 (49)
1283 2029 1344 2082 lndi
1361 2029 1465 2084 turbati

225 2123 257 2160 sc
273 2103 377 2160 disiecti
394 2112 528 2176 pugnent,
554 2102 696 2156 muimum
718 2115 851 2158 oertamen
871 2103 940 2158 eires
956 2103 1057 2158 Porum
1078 2104 1163 2177 ipsum
1181 2115 1211 2160 et
1226 2105 1383 2176 daphnus
1400 2123 1464 2161 con-

225 2183 305 2238 sistit
340 2187 398 2250 (50)
426 2179 529 2234 Ceteris
550 2178 698 2250 elephantis
718 2180 746 2234 in
766 2180 856 2252 iugem
877 2181 988 2247 eversis,
1016 2181 1103 2236 Porus
1129 2183 1272 2238 decututus
1294 2183 1465 2256 petens&

226 2268 315 2314 tamen
331 2259 366 2312 de
383 2275 432 2312 stro
448 2255 570 2324 dimiest,
593 2257 678 2312 donec
693 2265 723 2312 et
738 2257 794 2328 ipse
811 2257 901 2329 lugere
918 2266 1041 2325 coaetus,
1063 2259 1177 2330 acceptis
1194 2259 1284 2315 multis
1300 2261 1465 2330 vulnembus,

225 2337 253 2390 in
270 2343 370 2389 terram
387 2333 510 2404 delapsus
526 2332 635 2404 apium.
670 2338 729 2404 (tl)
751 2333 832 2387 Cuius
853 2333 932 2388 minii
952 2334 1162 2406 magnitudinem
1179 2336 1333 2392 Alexander
1350 2337 1466 2392 admin-

185 2440 190 2448 ·
226 2421 271 2466 tus
287 2427 349 2466 snm
365 2409 437 2466 inter
453 2409 551 2466 amicos
568 2409 674 2482 recipit,
695 2419 725 2466 et
741 2409 868 2482 ampliore
886 2411 967 2467 etism
983 2429 1080 2484 regno,
1108 2431 1188 2487 quam
1204 2415 1349 2484 habuerat,
1370 2417 1466 2470 donat.

178 2727 198 2800 1
330 2667 575 2801 Alexander
599 2725 731 2798 mucre
756 2725 851 2797 fama
876 2749 983 2823 quam
1008 2727 1121 2825 gloria
1146 2729 1183 2802 in
1210 2729 1385 2806 dicionem
1410 2753 1465 2804 re-
1484 2747 1504 2797 1.

228 2835 334 2918 decta
359 2850 473 2938 petra,
500 2863 582 2910 cum
606 2847 752 2935 propter
769 2861 897 2934 vagum
923 2838 1063 2910 hostem
1089 2837 1311 2937 spargendae
1337 2867 1465 2916 manus

228 2963 360 3043 essent,
386 2953 517 3054 intres
535 2957 656 3048 partes
676 2945 797 3020 divisit
822 2949 1027 3022 exereitum.
1072 2947 1376 3048 Hephaestionem
1392 2956 1465 3046 uni,

229 3055 376 3134 Coenon
396 3061 499 3134 alteri
519 3060 627 3135 duces
643 3057 808 3134 dederat:
835 3061 909 3157 ipse
928 3061 1053 3134 ceteris
1080 3074 1253 3158 praeerat.
1296 3061 1368 3138 Sed
1392 3051 1500 3138 nona

228 3171 354 3247 eedem
380 3197 481 3246 mens
508 3171 673 3244 omnibus
699 3170 858 3244 barbaris
884 3172 959 3244 fnit
1002 3171 1122 3246 Armis
1140 3173 1285 3270 quidam
1307 3175 1464 3266 subacti3

229 3281 350 3378 plnres
378 3293 463 3356 ante
490 3293 669 3356 certamen
695 3281 867 3380 imperata
891 3284 1062 3372 fecerunt,
1089 3285 1216 3381 quibus
1243 3311 1377 3378 eorum,
1405 3288 1466 3383 qui

230 3391 267 3464 in
288 3391 487 3466 defectione
508 3406 834 3492 perseveraverant,
861 3394 967 3466 urbes
980 3419 1160 3492 agrosque
1183 3397 1285 3470 iussit
1307 3398 1465 3471 attribui

231 3505 283 3576 At
309 3506 434 3579 exules
453 3501 633 3577 Bactriani
659 3529 739 3577 cum
764 3525 861 3578 nccc
874 3503 1157 3602 Massagetarum
1183 3509 1360 3604 equitibus
1387 3529 1501 3607 pro-s

231 3615 348 3690 ximus
385 3615 485 3689 vicos
522 3626 765 3690 vastaverunt.
833 3615 892 3690 Ad
930 3642 1018 3712 quos
1059 3617 1273 3692 coercendos
1311 3619 1467 3711 Attinas,

230 3727 386 3826 regionis
413 3727 490 3799 eius
516 3728 732 3826 praefectus,
759 3747 828 3800 ccc
855 3728 1007 3845 equitep‚
1039 3727 1262 3820 insidiam
1288 3755 1381 3827 quae
1406 3756 1467 3830 pa·

233 3833 427 3929 rabuntur,
461 3836 617 3934 ignarus,
644 3837 777 3912 eduxit.
829 3835 989 3935 Namque
1015 3839 1128 3914 hostis
1155 3839 1191 3912 in
1222 3841 1340 3933 silvis,
1375 3863 1502 3939 quaes

232 3958 335 4020 erant
360 3950 453 4023 torte
480 3973 606 4048 campo
632 3952 782 4039 iunctae,
808 3961 983 4022 armatum
1008 3951 1155 4024 militem
1182 3951 1350 4044 condidit,
1383 3979 1468 4051 pau·

119 4059 133 4086 ⁴
232 4060 283 4150 eis
308 4059 591 4160 propellentibus
617 4085 756 4160 pecora,
783 4071 823 4132 ut
846 4061 1083 4162 improvidum
1101 4061 1147 4134 ad
1165 4061 1310 4135 insidias
1333 4063 1469 4163 praeda

267 4286 402 4356 Libum,
421 4285 487 4360 Cap.
500 4297 523 4356 t,
540 4291 599 4369 §.t
620 4287 833 4369 Mosaupctqmm
868 4285 936 4340 desit
957 4287 1030 4368 leid.
1053 4288 1125 4358 quod
1148 4305 1201 4342 non
1229 4289 1335 4358 credo),
1363 4290 1467 4346 inverso

233 4357 381 4480 equitibus&
407 4355 471 4410 Hoc
489 4357 583 4438 ordppe
601 4374 691 4412 ornnes
708 4357 769 4410 lrbn
787 4374 833 4436 no3
868 4355 974 4426 vulgati.

234 4435 281 4480 stn
307 4433 336 4480 et
383 4424 558 4496 nahenburgn
575 4426 651 4483 Voce.
669 4433 721 4481 Η
747 4427 833 4496 (qussi
