3330 5050
559 340 608 390 nn
635 338 762 394 onsrm
788 339 897 391 senx.
924 339 1001 410 vm,
1023 336 1066 389 ss.
1365 319 1438 388 407

173 523 406 598 -trahebann
445 526 505 598 alii
524 547 748 622 magnarum
779 521 949 597 arborum
982 522 1119 620 stipites
1152 546 1234 600 cum
1265 525 1371 596 ramis
1398 547 1440 594 ac

118 659 165 705 sr
198 637 310 709 moles
352 661 523 710 saxorum
562 635 600 707 in
640 657 813 730 cavernas
855 633 1076 731 deiiciebant
1145 631 1291 729 Iamque
1330 659 1440 731 agger

198 759 416 846 aequaverat
449 769 609 820 summae
642 745 822 845 fastigium
856 757 991 818 terrae:
1031 746 1151 841 itaque
1182 754 1300 817 turres
1332 745 1440 842 erige-

200 862 297 950 bant,
325 883 417 956 quae
435 881 545 955 opera
571 859 706 956 ingenti
733 859 884 930 militum
911 857 1039 929 ardore
1066 857 1160 928 intra
1185 880 1320 929 nonum
1347 855 1441 929 diem
1507 849 1510 854 ’

199 972 365 1046 absoluta
391 980 485 1042 sunt.
538 968 598 1041 Ad
624 993 668 1041 ea
693 968 841 1042 visenda
866 993 948 1058 rerr,
987 968 1148 1041 nondum
1181 968 1339 1040 obducta
1365 968 1439 1039 vul·

197 1085 274 1156 neri
309 1081 490 1171 cicatrice,
530 1081 721 1179 processit,
762 1078 988 1176 laudatisque
1021 1081 1210 1168 militibus,
1256 1077 1440 1152 admoveri

198 1191 380 1265 machinas
406 1194 524 1282 iussit,
561 1191 736 1288 eoquibus
762 1191 888 1288 ingens
914 1192 970 1263 vis
996 1194 1151 1266 telorum
1176 1191 1213 1265 in
1239 1214 1439 1290 propugna-

138 1325 180 1372 32
199 1315 296 1379 tores
324 1303 438 1378 effusa
464 1314 529 1377 est
573 1302 768 1400 Praecipue
793 1302 902 1376 rudes
929 1305 1054 1375 talium
1080 1328 1231 1402 operum
1257 1301 1440 1374 terrebant

198 1416 347 1492 mobiles
373 1427 508 1506 turres,
540 1423 733 1511 tantasque
757 1415 870 1490 moles
897 1415 996 1515 nulla
1022 1439 1090 1512 ope
1117 1439 1209 1512 quae
1236 1425 1441 1487 cerneretur

197 1529 390 1619 adductas,
418 1526 567 1600 deorum
592 1526 739 1598 numine
763 1527 822 1624 agi
848 1523 1061 1599 credebant:
1100 1527 1172 1624 pila
1198 1549 1340 1624 quoque
1365 1549 1440 1598 mu·

199 1641 287 1714 ralia
322 1649 359 1713 et
399 1637 569 1713 excussas
609 1637 797 1710 tormentis
838 1663 1055 1736 praegraves
1095 1637 1219 1710 hastas
1260 1637 1442 1734 negabant

145 1771 179 1819 aa
199 1751 391 1826 convenire
422 1750 643 1824 mortalibus.
695 1747 820 1846 Itaque
852 1746 1044 1844 desperata
1081 1746 1180 1820 urbis
1213 1749 1328 1820 tutela
1357 1770 1439 1820 con·

199 1885 339 1936 cessere
363 1864 401 1936 in
427 1885 554 1936 arcem.
606 1858 711 1951 Inde,
745 1859 830 1957 quia
859 1858 948 1931 nihil
979 1857 1134 1932 obsessis
1167 1871 1311 1957 praeter
1342 1856 1438 1930 dedi·

198 1975 332 2050 tionem
372 1973 556 2072 placebat,
599 1972 710 2071 legati
752 1966 810 2044 ad*
823 1993 962 2070 eregem
998 1969 1262 2044 descenderunt
1295 1970 1438 2043 veniam

146 2103 181 2152 as
198 2087 354 2185 petituri.
378 2084 475 2176 xQua
499 2087 700 2184 impetrata,
727 2081 851 2180 regina
876 2082 978 2155 venit
1002 2106 1084 2154 cum
1111 2105 1242 2180 magno
1267 2082 1439 2155 nobilium

146 2215 181 2264 ar
198 2195 412 2272 feminarum
437 2221 547 2298 grege
573 2195 690 2271 aureis
716 2193 850 2293 pateris
876 2194 962 2266 vina
987 2193 1183 2267 libentium.
1236 2192 1320 2292 Ipsa
1343 2193 1439 2292 geni·

198 2304 267 2384 bus
292 2311 387 2408 regis
413 2334 538 2409 parvo·
554 2307 627 2380 filio
654 2307 811 2398 admoto,
838 2330 909 2378 non
937 2306 1081 2378 veniam
1102 2304 1222 2396 modo,
1249 2304 1439 2380 sedetiam

197 2421 369 2519 pristinae
386 2422 554 2494 fortunae
574 2418 781 2517 impetravit
803 2415 923 2492 decus.
961 2414 1101 2515 Quippe
1119 2417 1300 2514 appellata
1317 2417 1440 2515 regina

199 2541 256 2605 est
268 2559 278 2623 3
319 2543 357 2605 et
383 2530 566 2606 credidere
593 2528 754 2627 quidam,
789 2528 870 2627 plus
896 2529 1047 2617 formae,
1083 2552 1191 2625 quam
1221 2528 1438 2601 miserationi

147 2662 180 2710 se
199 2641 334 2716 datum.
387 2643 506 2717 Puero
524 2667 666 2740 quoque
691 2651 788 2716 certe
814 2649 943 2738 postea
967 2663 1015 2712 ex
1041 2663 1085 2712 ea
1110 2649 1290 2735 utcunque
1315 2639 1436 2737 genito

199 2753 408 2830 Alexandro
434 2755 504 2828 mit
528 2778 668 2834 nomen.

214 2949 334 3018 -str'piles
351 2965 409 3002 eam
426 2949 520 3015 ramis]
547 2947 608 3001 Hoc
621 2944 683 3001 dedi
696 2946 802 3000 decon-
835 2951 920 2998 estut
928 2961 980 3012 ¹nos
993 2941 1130 3007 edidimus,
1149 2942 1195 3014 qui
1207 2950 1270 2996 sunt
1279 2942 1352 2996 Leid.
1362 2943 1437 2996 Voss.

160 3077 170 3086 ,
198 3014 499 3080 ἱοοιιιηἘηίιιεὶιοιπὶἰ,
521 3014 710 3081 sicut1vs18,
729 3021 744 3068 a
763 3013 802 3066 le·
837 3023 848 3068 1
870 3011 944 3066 Flos.
956 3010 1082 3077 noret,
1105 3019 1152 3064 aut
1168 3019 1311 3082 amaraque
1328 3011 1438 3064 verbum

198 3085 270 3168 gitur
287 3096 355 3139 totus
368 3087 474 3138 arbores
487 3101 544 3138 crim
557 3085 802 3154 ingentibas'romis
836 3083 919 3136 deest.
954 3079 1032 3136 Unus
1054 3079 1124 3134 Flor.
1138 3079 1167 3133 B‘
1180 3080 1253 3151 quod
1276 3079 1358 3133 miror
1378 3096 1437 3134 cum

198 3173 227 3207 sn
244 3155 326 3208 altam
344 3155 481 3208 iaciebant.
518 3152 582 3206 Mas.
599 3151 704 3222 quidem
721 3150 801 3222 pleri·
836 3151 906 3272 vulg.
929 3148 1078 3213 consentit,
1105 3148 1186 3201 Bern.
1204 3149 1230 3201 A
1251 3147 1437 3202 omittentibus

197 3239 270 3345 appu
297 3225 384 3289 molis,
397 3221 475 3292 pauci
488 3219 802 3287 et-mendosiOElor.FH
835 3238 884 3274 ver
902 3237 946 3270 um
965 3218 1081 3284 cecedit,
1104 3217 1151 3269 sed
1161 3219 1296 3298 processit
1314 3217 1394 3270 babet
1410 3217 1438 3270 in

272 3291 311 3344 ,Β
330 3290 409 3344 Pell
430 3295 504 3344 Voss.
514 3293 544 3358 2)
563 3291 675 3343 tumulis.
835 3288 953 3359 margine
971 3305 1050 3340 manu
1067 3292 1215 3338 recentiore
1232 3284 1369 3339 adiectum.

232 3367 254 3425 ς.
272 3368 314 3414 31.
350 3371 434 3413 turres
456 3360 597 3428 erigebam
633 3358 719 3411 Aldus
743 3375 802 3410 cum
871 3361 894 3428 ξ,
904 3361 946 3412 35.
969 3357 1102 3409 credidere
1111 3355 1227 3425 quidum,
1237 3356 1310 3424 plus]
1332 3354 1437 3408 Medius

197 3428 307 3499 reliquis
325 3429 500 3498 erigebantur,
518 3428 564 3480 sed
579 3445 626 3480 nos
640 3426 801 3480 mssmelio·
836 3427 972 3480 credidere
997 3425 1111 3494 amplias
1136 3424 1198 3476 dum
1224 3423 1294 3487 edit,
1320 3423 1384 3477 dicit
1409 3441 1438 3477 se

198 3513 240 3551 res
257 3515 284 3551 se
305 3496 400 3562 aimus,
418 3497 518 3550 Vosal
538 3496 654 3549 Barna
671 3495 800 3550 monae
836 3495 994 3549 membranis
1026 3509 1109 3558 arere.
1131 3490 1247 3545 Sanesic
1260 3491 1437 3546 habentFlor.

198 3565 273 3633 alios,
315 3568 363 3618 lor.
375 3565 422 3619 GE
440 3565 521 3618 Bern.
530 3565 562 3617 B.
836 3564 887 3631 DI,
906 3571 934 3616 et
952 3581 995 3615 cre
1014 3565 1084 3616 idere
1101 3563 1215 3630 amplias
1233 3559 1307 3613 Leid.
1320 3569 1349 3613 et
1365 3561 1436 3614 Flor,

233 3637 307 3702 §.³2
326 3633 628 3687 adductosidemilldus
657 3631 738 3686 rimm
746 3631 801 3685 edi-
837 3632 874 3699 G,
897 3633 967 3685 cred.
984 3633 1087 3700 quidun
1105 3631 1217 3698 amplias
1233 3627 1305 3682 'Flon
1319 3628 1360 3692 G,
1382 3647 1437 3682 ore-

197 3702 247 3766 dit,
261 3703 308 3756 sed
321 3704 388 3755 bene
401 3711 430 3755 et
444 3701 608 3755 firmantibus
622 3701 640 3754 lr
661 3701 697 3754 ris
710 3719 801 3753 manu-
837 3705 897 3755 dere
925 3703 1031 3772 quidam
1058 3700 1172 3768 amplius
1193 3695 1266 3750 Flor.
1284 3698 1314 3750 F.
1349 3697 1437 3751 Etiam

198 3769 481 3842 carpetaneam
499 3770 613 3823 Bernli
627 3777 655 3822 et
669 3769 740 3823 Flos.
750 3769 800 3836 DI,
836 3774 943 3824 Voss2
962 3770 1027 3840 qaid
1043 3768 1156 3836 amplias
1170 3767 1308 3836 sorbariae.
1343 3765 1385 3819 lta
1404 3783 1437 3819 ue

197 3839 453 3910 inquibusodactos.
468 3839 541 3894 Olim
548 3839 799 3905 edebamradiatos‚
835 3855 877 3893 res
896 3855 929 3891 eo
947 3836 1047 3889 decidit
1063 3844 1093 3889 ut
1110 3835 1256 3888 constituas
1273 3842 1360 3887 utrum
1373 3784 1437 3904 pilas

199 3908 270 3980 quod
287 3917 330 3962 est
347 3907 374 3961 in
383 3907 569 3961 Voslelor.
580 3905 639 3972 BG,
654 3907 801 3978 etaprims
836 3926 870 3960 an
893 3908 1007 3975 amplias
1032 3903 1084 3975 legi
1106 3903 1179 3957 velis.
1215 3902 1342 3958 Ceterum
1359 3903 1437 3956 losti-

198 3995 278 4030 manu
292 3994 350 4031 cum
366 3993 433 4030 corr.
443 3979 550 4030 nuditas
564 3976 591 4028 in
601 3975 677 4028 Lcid.
685 3975 756 4029 Flos.
764 3976 800 4044 A,
836 3993 885 4028 nus
911 3989 969 4041 κη,
998 3981 1030 4027 t:
1058 3973 1142 4039 „Inde
1172 3979 1276 4026 montes
1306 3972 1437 4026 Daedalos

198 4045 280 4100 ceteri
288 4045 359 4100 Flor.
377 4047 483 4099 audias
497 4054 526 4098 ct
538 4043 698 4098 sioBem.A
716 4062 757 4115 pr.
766 4062 800 4097 m.
835 4060 969 4115 regnaque
988 4042 1113 4096 Cleolirlis
1131 4041 1239 4112 reginae
1257 4040 1331 4112 petit
1363 4039 1438 4106 Quae

199 4131 259 4169 cum
272 4133 337 4170 corr.
351 4115 466 4168 adiutos.
491 4113 545 4168 Sed
554 4129 586 4166 ea
594 4113 683 4167 omnia
697 4113 799 4184 vulgari
834 4131 894 4167 cum
906 4129 935 4166 se
948 4111 1063 4165 dedisset
1071 4110 1104 4178 ai,
1123 4109 1265 4164 concubitu
1274 4111 1438 4180 redemptum

198 4183 375 4255 corruptionis
393 4199 490 4254 genere
508 4183 653 4253 depravata
670 4190 739 4235 sunt
834 4199 946 4252 regnum
964 4182 998 4233 ab
1012 4179 1165 4233 Alexandro
1182 4176 1291 4248 recepit,
1309 4177 1437 4232 illecebris

233 4260 306 4334 §.aa
332 4254 423 4322 regina
441 4253 509 4305 venit
527 4252 595 4332 aaa]
623 4249 698 4304 Libri
715 4251 801 4304 adhuc
836 4259 993 4316 consecuta,
1021 4248 1093 4319 quod
1111 4247 1209 4300 virtute
1229 4263 1281 4299 non
1298 4255 1437 4316 potuerat:

199 4320 265 4376 editi
283 4320 380 4374 omisso
397 4321 480 4375 verbo
502 4322 570 4373 venit
587 4339 614 4374 m
632 4319 683 4372 fine
699 4319 801 4373 addunt
836 4319 972 4390 filiumque
997 4318 1031 4370 ab
1058 4333 1090 4370 eo
1117 4315 1236 4387 genitum
1259 4315 1438 4368 Alexandrum

199 4389 345 4460 elegantius
360 4389 459 4444 scilieet
471 4391 608 4459 processit.
635 4387 690 4442 Sed
707 4403 801 4460 paren·
836 4387 992 4450 nominarit,
1015 4385 1060 4456 qui
1077 4392 1170 4457 postea
1186 4401 1296 4454 regnum
1314 4383 1438 4438 Indorum

199 4462 262 4512 dum
279 4467 321 4511 est
337 4475 397 4512 mss.
412 4459 548 4531 inquibus
568 4465 614 4512 aut
634 4475 742 4528 prorsus
764 4457 802 4511 sic
836 4457 939 4528 potitus
956 4459 1023 4509 est.“
