3336 5066
598 234 649 286 nn
676 233 803 290 oesrrs
829 235 938 290 snex.
965 237 1015 305 vr,
1034 232 1077 285 ra.
1376 215 1447 286 261

156 418 308 492 semma
339 420 595 521 tuaesaciean,
621 434 652 494 et
677 445 735 518 epo
768 417 924 500 camno
957 417 1200 516 maqis‘quam
1232 418 1380 496 Ptitoae
1414 417 1454 522 id

209 528 382 603 commite
409 533 536 632 fateor.
593 531 775 604 Faventem
807 530 904 602 tates
935 527 1095 617 ludicen,
1129 527 1175 618 si,
1209 531 1298 628 qetod
1321 529 1453 606 admitti

156 657 190 704 ³³
208 661 277 710 nou
309 643 469 736 oportuit,
503 641 618 714 eodem
649 640 769 738 nepoti
792 651 908 738 potest.
967 637 1027 710 Ad
1053 640 1141 711 haec
1165 636 1326 710 Philotas
1353 639 1449 714 haud

209 773 297 825 sane
323 751 495 850 trepidus,
523 751 552 821 si
579 753 719 824 enimus
746 752 850 824 vultu
875 751 1134 838 aestimaretur,
1148 745 1355 822 Cebalinum
1377 751 1451 844 qui-

205 859 296 936 'dem
322 862 432 936 scorti
458 885 660 936 sermonem
686 862 733 934 ad
760 888 799 935 se
825 861 1012 948 detulisse,
1044 858 1108 931 sed
1139 859 1254 955 ipsum
1283 873 1354 932 tam
1380 861 1451 932 levi

208 973 348 1044 auctori
374 970 462 1044 nihil
488 972 684 1046 credidisse
712 972 906 1070 respondit,
925 970 1090 1059 veritum,
1109 993 1155 1039 ne
1180 967 1332 1065 iurgium
1358 971 1451 1042 inter

209 1091 407 1154 mnatorem
442 1093 480 1156 et
512 1085 695 1157 exoletum
730 1109 803 1155 non
838 1082 914 1156 sine
952 1081 1027 1154 risu
1058 1079 1207 1152 aliorum
1244 1078 1449 1154 detulisset:
1547 1126 1550 1132 ·

156 1209 191 1256 st
209 1214 292 1262 cum
323 1189 477 1266 Dimnns
509 1193 735 1266 interemerit
768 1203 897 1281 semet,
932 1191 1191 1288 qualiacunque
1225 1201 1344 1279 erant,
1377 1216 1451 1264 non

209 1301 319 1376 fuisse
352 1302 546 1376 reticenda.
611 1300 900 1400 complexusque
935 1327 1057 1398 regem
1093 1325 1195 1393 orare
1236 1301 1369 1399 coepit,
1410 1310 1452 1372 ut

209 1414 440 1509 praeteritam
465 1413 579 1486 vitam
598 1414 735 1510 potius,
762 1438 869 1508 quam
895 1413 1045 1510 culpam,
1066 1411 1194 1485 silentii
1220 1421 1350 1502 temen,
1376 1437 1449 1486 non

155 1541 191 1589 ³⁵
208 1522 293 1596 santi
327 1522 448 1613 ullius,
484 1524 695 1599 intueretur.
747 1521 856 1608 Hand
880 1524 982 1624 facilc
1009 1521 1178 1612 dixerim,
1214 1521 1448 1596 credideritne

118 1721 124 1734 .
209 1633 352 1724 eirex,
368 1659 369 1662 ’
388 1659 436 1708 an
463 1635 569 1708 altius
596 1629 687 1708 iram
722 1634 976 1731 suppresserit:
1012 1632 1177 1707 dextram
1201 1631 1447 1706 reconciliatae

208 1745 345 1841 gratiae
371 1745 502 1844 pignus
529 1745 670 1834 obtulit,
689 1755 728 1818 et
752 1753 998 1843 contemptum
1022 1744 1145 1842 magis,
1165 1769 1271 1840 quem
1296 1744 1449 1819 celatum

210 1855 379 1930 indicium
404 1879 496 1945 esse,
522 1853 637 1930 videri
663 1855 731 1928 sibi
752 1853 858 1928 dixit
1232 1925 1234 1932 Α

154 1983 228 2032 Vnt
312 1965 506 2040 Advocato
532 1975 611 2040 tum
632 1967 785 2052 ,consitio
811 1966 1021 2053 amicorum,
1056 1965 1113 2038 cui
1143 1973 1264 2038 tamen
1290 1963 1499 2040 Philomte

173 2074 390 2150 redhibitus
416 2103 492 2150 non
519 2087 586 2169 est,
611 2075 868 2152 Nicomachum
892 2074 1072 2152 introduci
1096 2076 1204 2150 iubet.
1251 2074 1286 2149 Is
1313 2075 1448 2168 eadem,

210 2212 301 2284 quae
335 2187 517 2262 detulerat
542 2186 590 2261 nd
615 2213 754 2286 regem,
787 2186 911 2261 ordine
937 2185 1113 2282 exposuit
1164 2183 1254 2258 Erat
1279 2184 1447 2261 Craterus

208 2300 284 2397 regi
309 2323 413 2374 carus
439 2299 477 2372 in
503 2300 637 2397 paucie,
651 2309 689 2372 et
707 2324 750 2372 eo
777 2297 939 2371 Philotae
966 2295 1013 2368 ob
1039 2295 1311 2371 aemulationem
1336 2295 1447 2394 digni·

173 2410 295 2485 statis
322 2409 518 2500 adversus,
553 2435 671 2508 neque
697 2408 904 2508 ignorabat,
939 2430 1047 2504 saepe
1071 2405 1269 2480 Alexandri
1302 2406 1448 2482 nuribus

208 2521 317 2593 nimia
341 2521 534 2595 iactatione
559 2520 705 2594 virtutis
732 2529 840 2617 atque
866 2541 996 2616 operae
1022 2541 1170 2614 gravem
1195 2517 1312 2608 fiisse,
1339 2527 1376 2590 et
1401 2518 1447 2592 ob

209 2655 253 2704 ea
283 2657 357 2704 non
390 2631 535 2729 quidem
565 2631 726 2721 sceleris,
762 2628 825 2704 sed
858 2629 1102 2702 contumaciae
1135 2637 1255 2702 temen
1286 2653 1366 2703 esse
1392 2653 1448 2702 su-

241 2833 265 2900 ἕ.
282 2838 324 2886 82.
343 2850 395 2886 non
412 2833 534 2901 oportuit]
554 2831 665 2903 Optime
678 2829 814 2883 sicemen-
850 2835 904 2882 tem
930 2846 990 2882 cum
1012 2828 1153 2882 abhorreat
1174 2829 1208 2882 eb
1233 2829 1364 2899 elegantia
1389 2847 1448 2883 ora-

207 2897 280 2952 davit
298 2899 382 2952 Hsdr.
401 2898 506 2966 Iunius,
525 2899 682 2970 recepitque
700 2896 813 2951 Medius.
849 2897 929 2950 tionis
940 2896 1093 2964 ennianae,
1107 2913 1218 2968 cumque
1236 2906 1363 2968 perpetua
1376 2897 1448 2952 sitin

208 2965 278 3020 Nem
306 2959 373 3021 ’nod
395 2965 456 3034 libri
478 2966 572 3037 scripti
589 2974 720 3048 quantum
737 2964 814 3019 video
849 2963 922 3018 libris
948 2982 1009 3018 mse.
1036 2963 1140 3018 illomrn
1162 2966 1299 3020 verborum
1322 2965 1448 3033 aarum,

207 2984 427 3101 omnoebnbenr,
455 3053 508 3088 noa
522 3045 610 3104 potmt
627 3042 712 3087 semet
729 3033 813 3104 ipsum
848 3031 961 3102 primurn
979 3042 1041 3098 tum,
1059 3031 1152 3086 deinde
1170 3043 1254 3086 tamen
1271 3033 1372 3104 scripei,
1390 3050 1449 3087 sen-

207 3102 304 3172 prodit.
523 3170 530 3182 ο
576 3167 582 3180 .
619 3168 626 3181 ⁶
848 3099 948 3180 tentiae
966 3107 1037 3154 certe
1054 3099 1092 3154 sio
1108 3101 1281 3170 probabiliter
1292 3101 1449 3180 succurrisse

208 3173 326 3290 etsetiiat.
344 3169 627 3318 hilirdmclltdghhiid¹
645 3185 814 3307 idigini
848 3185 947 3302 mist.
974 3237 1113 3317 iactatione
1131 3237 1249 3316 virma’q
1273 3236 1380 3317 Omnes·
1389 3235 1448 3291 libri

207 3306 278 3376 apud
295 3305 418 3360 Curtunn
435 3307 570 3377 significet
587 3305 605 3359 i.
623 3323 650 3376 q.
668 3312 813 3385 praeterea
848 3311 951 3358 veteres
972 3314 1080 3358 oenone.
1115 3303 1220 3357 Modrue
1242 3322 1269 3356 m
1287 3303 1448 3360 Colonremi·

243 3377 266 3443 5.
283 3381 326 3428 at.
349 3375 506 3428 interemerit
524 3375 615 3444 eene]
651 3372 696 3427 Sto
712 3373 763 3426 acri
783 3373 813 3438 ti,
848 3373 896 3425 bus
920 3371 1078 3425 membranis
1103 3381 1213 3425 annomt
1239 3373 1291 3442 legi
1315 3375 1449 3426 taxatione

207 3449 239 3495 ut
255 3440 321 3496 editi
338 3459 366 3496 se
383 3445 479 3512 mermi,
497 3442 570 3513 quod
584 3441 611 3494 in
626 3459 679 3495 uno
696 3391 813 3494 estFlbr.
848 3447 877 3493 et
885 3441 978 3492 eedem
986 3457 1066 3492 manu
1074 3439 1234 3510 adscriptum
1246 3443 1285 3492 vet
1299 3443 1448 3508 iactatione,

207 3509 231 3564 1.
264 3508 320 3564 Sed
345 3510 417 3565 Flor.
442 3508 469 3564 G
494 3519 523 3563 et
544 3509 609 3564 edit.
634 3508 709 3564 Mod.
735 3518 813 3562 rena
848 3507 1105 3578 itaqneediditipsa
1129 3506 1448 3578 optimesteemendrvie

208 3579 379 3645 interemerit,
419 3578 580 3634 deteriorum
615 3577 696 3632 turba
721 3578 812 3630 interi-
848 3575 965 3647 quisquis
992 3575 1057 3642 fuit,
1084 3583 1160 3628 vetus
1181 3592 1215 3629 sn
1237 3593 1335 3630 recena
1378 3575 1448 3630 Nem

208 3657 293 3700 meret.
846 3651 923 3697 extet
945 3643 1072 3697 Modiam
1096 3643 1174 3698 lectio
1195 3643 1247 3696 iam
1264 3644 1292 3697 in
1318 3643 1381 3697 edit
1403 3643 1448 3698 lu·

242 3717 265 3782 ᾗ.
283 3719 325 3768 85.
362 3715 494 3784 dabam]
531 3717 665 3768 dexteram
688 3713 770 3766 Bern.
786 3713 813 3765 A
846 3711 925 3766 niann
945 3719 975 3766 et
991 3710 1156 3765 coniecturae
1179 3711 1267 3782 potius
1284 3711 1353 3765 Iunii
1388 3729 1448 3764 uem

209 3779 279 3836 Flor.
298 3779 357 3836 OG.
846 3779 943 3834 veteris
960 3779 1021 3833 libri
1043 3779 1177 3833 cossetioni
1199 3779 1326 3850 originem
1343 3730 1449 3834 videtur

242 3849 307 3920 Cap.
321 3855 364 3916 te,
398 3855 443 3902 ,1.
461 3857 515 3902 tum
533 3850 642 3903 coneilio
660 3849 811 3916 amicorum,
846 3848 951 3901 debere.
988 3846 1042 3901 Sed
1068 3847 1105 3902 sic
1130 3847 1184 3901 sere
1209 3856 1270 3917 post
1295 3847 1448 3903 Ciceronem

208 3919 251 3970 cui
273 3927 359 3972 tamar
410 3917 519 3984 litotes]
555 3919 643 3970 Ausus
665 3935 723 3969 sum
745 3917 771 3970 h.
794 3917 811 3972 l.
846 3915 1006 3987 loquuntur,
1037 3932 1098 3969 cum
1128 3915 1172 3970 ille
1201 3915 1264 3968 olim
1294 3916 1448 3969 iactantiam

207 3983 320 4056 aliquid,
345 3985 416 4056 quod
434 3985 468 4037 ad
486 3983 633 4038 orationem
651 3983 813 4039 comtituen-
848 3985 936 4056 potius
954 3983 1074 4038 dixisset.

208 4053 268 4106 dem
291 4052 466 4107 necessarium
492 4052 593 4123 putavi.
629 4052 727 4105 Editur
743 4052 813 4106 enim
882 4063 967 4106 tamen
985 4069 1042 4106 esee
1058 4059 1202 4120 enepectrmr
1241 4051 1330 4130 Ynlgo
1349 4049 1449 4104 omitti-

207 4121 287 4192 vulgo
304 4125 431 4175 advocato
448 4132 535 4174 temen
556 4153 591 4162 -
613 4122 658 4174 cui
683 4131 737 4174 tum
763 4121 813 4173 Pt.
848 4129 893 4174 tur
914 4137 979 4174 esee.
1015 4119 1090 4174 Duae
1114 4126 1177 4172 eunt
1210 4127 1337 4174 actiones:
1363 4130 1449 4172 tortere

208 4190 279 4258 quod
305 4209 359 4244 non
385 4205 545 4260 magnopere
570 4189 766 4259 improbarem,
792 4188 813 4240 si
848 4207 904 4242 esee
921 4188 1015 4258 optimi
1032 4188 1131 4242 hebent
1148 4186 1221 4240 teia
1241 4187 1316 4241 Voss.
1336 4195 1348 4239 1
1367 4186 1448 4240 Bern.

208 4267 259 4309 tam
276 4257 303 4310 in
320 4257 456 4312 codicibus
473 4257 616 4328 legeretur.
635 4256 735 4311 Verum
753 4255 814 4310 libri
847 4258 874 4310 A
890 4255 962 4310 Flor.
979 4255 1052 4310 ABG
1071 4272 1132 4308 cum
1148 4254 1212 4308 edit.
1229 4255 1371 4320 blodinne,
1394 4264 1448 4308 tum

208 4341 267 4378 mee.
285 4333 400 4396 utroque
417 4325 476 4382 loco
494 4337 581 4382 tomen
598 4326 708 4380 hebent.
726 4325 813 4380 Idan·
848 4323 916 4394 (sine
927 4327 996 4394 esee)
1012 4324 1039 4379 in
1052 4323 1160 4394 reliquie
1176 4333 1226 4392 eet,
1244 4332 1350 4394 praeter
1367 4339 1448 4378 unum
