3324 5054
190 314 279 384 '128
700 324 734 388 o.
762 323 886 376 cuann
910 323 996 376 nnrr

203 518 326 580 menta
352 505 595 602 sequebantur
621 532 758 606 agmen.
811 507 1051 583 Praemissum
1087 507 1218 582 deinde
1251 531 1333 582 cum
1368 505 1484 579 citiss

204 615 383 712 equitibus
410 614 579 692 Menidan
611 619 711 694 iubet
742 621 946 718 explorare,
983 617 1044 690 ubi
1070 618 1212 691 Dareus
1238 631 1344 692 esset
1396 616 1450 691 At

203 727 271 814 ille,
299 751 380 800 cum
392 725 561 802 Mazaeus
587 730 684 803 haud
709 731 833 827 procul
859 726 1090 816 consedisset,
1116 753 1190 799 non
1217 754 1325 802 ausus
1353 730 1449 801 ultra

204 837 410 935 procedere,
435 840 523 912 nihil
550 836 663 927 aliud,
698 861 805 933 quam
831 835 1012 908 fremitum
1044 836 1229 909 hominum
1256 838 1448 910 hinnitum·

204 973 274 1044 que
301 975 475 1047 equorum
501 945 699 1033 exaudisse,
726 947 876 1018 nuntiat
925 942 1093 1019 Mazaeus
1121 973 1273 1046 quoque,
1300 967 1487 1043 conspe-⁵

205 1061 272 1133 ctis
298 1061 425 1158 procul
451 1055 755 1152 exploratoribus,
787 1056 823 1126 in
856 1065 975 1128 castra
1007 1079 1047 1128 se
1082 1059 1233 1156 recepit,
1269 1057 1448 1132 adventus

205 1169 364 1242 hostium
390 1166 547 1238 nuntius.
599 1163 712 1264 Igitur
737 1165 893 1256 Dareus,
928 1159 1052 1262 quiin
1078 1169 1285 1263 patentibus
1313 1169 1449 1267 eampis

204 1278 397 1361 decernere
423 1276 583 1375 optabat,
611 1278 740 1350 armari
764 1277 911 1352 militem
936 1275 1047 1366 iubet,
1071 1276 1254 1372 aciemque
1280 1277 1449 1374 disponit

204 1385 247 1459 In
279 1387 384 1486 laevo
419 1411 532 1461 cornu
564 1387 742 1460 Bactriani
772 1389 874 1462 ibant
911 1387 1066 1484 equites,
1110 1387 1207 1461 mille‘
1242 1386 1488 1478 admodum,c

204 1496 330 1570 Dahae
357 1497 519 1590 totidem,
546 1510 584 1572 et
608 1497 794 1571 Arachosii
820 1495 1033 1594 Susianique
1065 1508 1238 1594 quattuor
1263 1499 1361 1571 milia
1386 1525 1450 1572 ex-

204 1608 362 1707 plebant.
414 1607 493 1682 Hos
529 1619 672 1681 centum
704 1609 824 1682 falcati
856 1631 982 1680 currus
1016 1607 1282 1703 sequebantue
1322 1607 1450 1682 Proxi-

202 1817 310 1870 demam
326 1831 419 1870 rerum
444 1831 479 1868 ex
501 1813 559 1869 istis
576 1815 610 1868 de
628 1813 806 1870 rantionibus
841 1815 954 1880 Scitiis,
977 1813 1049 1868 Flor.
1076 1823 1168 1868 autem
1194 1813 1221 1868 D
1248 1833 1356 1886 prorsus
1378 1815 1452 1870 siem

203 1883 279 1937 facile
297 1891 433 1937 assecutus
451 1885 585 1938 &manat
641 1893 653 1936 t
669 1882 739 1936 enim
756 1882 806 1936 hl.
840 1881 959 1936 Freinsh.
978 1881 1132 1936 comeetura
1143 1889 1335 1938 macutusest
1353 1883 1452 1956 Neque

88 1992 91 1998 1
204 1969 304 2006 cornua
328 1953 444 2004 diuidere
467 1951 537 2005 idem
560 1953 616 2006 less
638 1959 718 2022 atque
740 1953 817 2005 ‹iisn-v
841 1948 991 2019 deScytbis
1009 1950 1037 2004 in
1051 1951 1171 2004 exerdtu
1179 1950 1325 2006 Alexandri
1336 1970 1452 2023 nsquam
1513 1993 1534 2003 .,

204 2023 289 2076 &ndo
307 2021 419 2089 efficere,
438 2020 507 2074 sicut
521 2019 577 2074 Oia
594 2020 622 2074 in
638 2028 705 2074 arat
714 2020 806 2089 partit.
841 2019 873 2072 fit
889 2018 998 2085 mentio,
1017 2035 1051 2072 ne
1068 2019 1102 2072 de
1119 2018 1199 2074 umis
1215 2019 1322 2090 quidem
1339 2020 1452 2092 Scythi-

203 2095 274 2141 extr.
292 2089 411 2157 ambipai
423 2089 581 2158 partitiones
599 2089 715 2141 dinam
730 2087 806 2140 dixit.
841 2085 886 2153 cis,
904 2087 922 2140 i.
936 2101 960 2140 e.
978 2103 1053 2154 arcu,
1071 2085 1190 2156 sagittis,
1209 2088 1379 2158 cogitandum
1396 2097 1467 2158 est,·

205 2155 286 2220 Quod
303 2155 407 2208 dicendi
424 2171 506 2226 genus
524 2171 585 2210 eam
601 2173 692 2227 param
710 2155 807 2208 intelli-
842 2171 911 2225 quae
926 2153 1014 2209 omnia
1025 2155 1203 2224 posteriorum
1214 2163 1373 2227 temporum
1393 2157 1453 2212 eut

240 2231 301 2276 rent
317 2221 486 2293 insequentes
503 2223 626 2290 editores,
643 2227 694 2278 duo
708 2241 806 2278 cornua
842 2225 939 2304 equata
965 2222 1092 2294 leguntur
1113 2223 1185 2294 apud
1213 2223 1271 2278 Liv.
1294 2239 1378 2290 xxvr,
1406 2232 1451 2294 15,

204 2240 293 2346 divim
311 2301 387 2344 mont
399 2293 518 2362 peditam
532 2292 700 2363 scripserunt,
710 2301 739 2345 et
748 2291 808 2346 net-
842 2293 889 2344 esti
905 2292 1001 2345 milites
1020 2291 1091 2362 apud
1103 2290 1191 2345 Tacit
1204 2292 1275 2346 Ann.
1290 2301 1331 2360 11,
1346 2301 1369 2359 1,
1381 2295 1452 2347 citae

205 2359 290 2414 dalius
307 2359 393 2414 Medii
415 2360 583 2430 arrogantiae
608 2377 737 2430 nusquam
754 2377 808 2414 non
840 2360 955 2429 teyiones
973 2358 1054 2412 etiam
1071 2377 1087 2413 a
1106 2361 1144 2412 ud
1161 2359 1225 2414 Tac
1242 2363 1314 2416 Ann.
1327 2375 1394 2428 nu,
1412 2368 1450 2417 26

205 2427 347 2482 &versans
377 2427 472 2482 ceteris
500 2446 574 2482 suam
600 2427 808 2482 emendationem
862 2443 911 2480 uae
928 2426 990 2480 alibi
1016 2446 1064 2496 exp
1099 2429 1151 2480 itae
1174 2427 1298 2483 dicuntur
1315 2429 1332 2482 i.
1351 2447 1374 2482 e.
1392 2429 1453 2484 sine

205 2499 233 2548 in
251 2500 302 2562 dua
320 2513 419 2550 samua
438 2498 563 2551 dimserat
571 2499 685 2566 peditem
700 2513 808 2578 persua-
881 2495 902 2550 is
920 2495 1115 2566 impedimentis
1132 2503 1180 2550 aut
1246 2496 1272 2550 vi
1289 2509 1433 2552 armatura.

204 2563 249 2618 sit
267 2564 347 2629 Quod
364 2563 485 2646 sequitur
510 2567 612 2635 uimque
630 2567 707 2619 lateri
725 2567 808 2635 equite
877 2563 1009 2618 Menidan
1032 2581 1082 2634 pro
1103 2563 1176 2636 vulg.
1234 2567 1354 2620 enidam‘
1366 2565 1452 2620 Snak.

204 2634 365 2687 circumdato
387 2649 426 2686 sic
449 2633 476 2686 in
499 2651 552 2688 uno
578 2633 648 2687 Flos.
673 2632 805 2700 Gestat,
840 2631 906 2685 dicit
923 2631 952 2684 in
968 2631 1022 2686 suis
1040 2650 1101 2686 mss.
1119 2634 1452 2699 me,sceeduntexFlor.

204 2703 252 2754 sed
274 2702 357 2755 ceteri
379 2701 439 2756 libri
462 2717 553 2756 omnes
576 2702 667 2755 eodem
684 2701 806 2754 tendunt.
840 2700 923 2754 ADH
939 2707 969 2753 et
986 2701 1064 2754 ambo
1082 2701 1163 2754 Bern.
1198 2701 1281 2754 Redit
1304 2701 1349 2755 ifle
1372 2717 1395 2754 c.
1413 2709 1451 2758 56

202 2769 275 2822 Nam
283 2769 433 2824 coddDFl
450 2769 521 2824 idem
537 2771 663 2824 exhibent
679 2768 807 2840 nisiquod
840 2779 870 2822 et
895 2768 966 2848 apud
988 2769 1095 2822 Arriam
1120 2783 1169 2834 m,
1198 2777 1227 2824 13
1254 2771 1453 2844 μισθοφόροις

204 2839 365 2892 circumdato
388 2839 470 2890 milite
491 2837 606 2901 addunt,
633 2837 704 2891 Flor.
729 2839 753 2890 Α
779 2845 808 2890 et
841 2837 974 2908 equitibus
992 2845 1105 2907 praeest.

203 2905 278 2959 Mod.
297 2903 361 2958 edit.
380 2907 508 2975 utrimque
525 2907 610 2972 lateii,
630 2905 700 2960 Flon
713 2905 761 2959 Bc
780 2912 808 2958 et
876 2907 899 2974 §-
918 2911 942 2957 5.
978 2907 1005 2956 in
1024 2915 1112 2958 costra
1131 2923 1160 2958 se
1176 2907 1292 3028 recepit&
1309 2906 1354 2960 Sic
1372 2907 1452 2963 codd.

203 2973 285 3040 Bern
295 2976 321 3027 A
338 2980 367 3026 et
377 2971 451 3027 Leid.
469 2976 597 3044 utumque
614 2975 708 3040 latero,
727 2973 808 3027 ceteri
841 2973 926 3027 nostri
943 2985 1033 3028 omnes
1051 2981 1159 3044 praeter
1175 2973 1246 3027 Flor.
1296 3014 1305 3042 ,
1324 2975 1396 3029 cuius
1413 2976 1453 3030 si-

182 3059 185 3066 ’
204 3051 315 3110 utraque
332 3043 417 3094 latera
435 3041 544 3110 habent,
563 3041 633 3097 Flor.
645 3041 674 3094 Η
691 3042 808 3095 etBern.
841 3041 930 3095 milem
947 3049 1054 3096 secutae
1077 3041 1207 3095 editiones
1226 3045 1344 3112 (praeter
1360 3043 1451 3113 Mod.)

204 3109 229 3163 B
268 3116 387 3162 meteres
404 3111 486 3179 equite
504 3112 673 3164 circumdata.
707 3109 809 3164 Gontm
842 3111 936 3180 recipit
952 3110 1087 3163 exhibent
1123 3109 1198 3162 Idem
1215 3111 1273 3164 cod.
1292 3127 1353 3164 cum
1366 3111 1452 3165 Bern.

204 3128 334 3231 ediliones
364 3194 454 3231 omnes
487 3196 503 3230 a
529 3177 600 3231 libris
625 3177 699 3231 urstis
730 3178 809 3258 longe
842 3179 1023 3231 Baduentum
1041 3181 1152 3232 hostium
1170 3180 1312 3247 nuntians,
1330 3179 1402 3234 Flor.
1420 3180 1454 3235 H

204 3245 371 3299 discedentes
390 3249 561 3315 inutncnque
574 3249 642 3300 latus
652 3247 810 3299 hauddubie
843 3249 970 3300 aduentus
987 3248 1052 3300 lost.
1071 3247 1206 3300 nuntians.

204 3331 240 3366 ex
257 3313 408 3366 coniectura
426 3319 483 3383 (cui
500 3315 610 3368 fortasse
628 3315 704 3368 Voss.
717 3323 732 3368 2
746 3312 809 3367 scri·
878 3319 903 3382 s.
928 3321 951 3368 t.
993 3316 1136 3367 Arachosii
1160 3315 1337 3436 Susianique}
1375 3315 1452 3371 Edit

204 3390 286 3454 ptura
304 3391 437 3450 utrumque
455 3383 525 3435 latus
538 3382 664 3461 praeivit)
676 3384 811 3436 exhibent.
843 3400 881 3452 pr.
903 3383 1045 3452 Suevique,
1067 3383 1137 3435 Mer.
1163 3385 1256 3450 Saevi,
1282 3385 1319 3437 Al
1339 3423 1345 3435 .
1364 3385 1452 3453 Susii,

203 3455 261 3503 lam
279 3449 361 3519 igitur
378 3449 406 3502 in
423 3449 474 3503 hac
491 3449 610 3504 lectionis
623 3453 751 3505 vanetate
769 3450 809 3503 ni·
843 3450 925 3504 ceteri
950 3458 1077 3504 revocata
1102 3450 1287 3505 coniunctione
1312 3453 1453 3522 Susiique5

204 3517 242 3571 hil
260 3535 323 3570 vero
361 3517 450 3588 ropius
469 3517 613 3572 *videbatur
635 3537 715 3589 quam
738 3519 809 3598 quod
843 3519 919 3572 codd.
936 3519 1036 3588 partim
1059 3519 1194 3589 Suaniqae
1220 3518 1316 3599 partim
1336 3522 1452 3574 Susani-

203 3535 404 3663 describendum
432 3585 530 3639 curavi.
574 3585 644 3639 Nam
670 3603 808 3657 quominus
843 3603 899 3656 que,
917 3587 988 3640 unde
1006 3585 1127 3640 Raderus
1145 3595 1218 3641 recte
1235 3587 1341 3641 videtur
1356 3589 1453 3642 Susin-

203 3653 325 3706 Modrum
342 3670 468 3732 sequerer
484 3653 512 3706 id
529 3653 631 3707 obstitit
649 3655 808 3726 quod'vide-
842 3657 918 3724 nique
936 3654 1040 3722 secisse,
1066 3673 1131 3728 quos
1150 3655 1158 3707 i
1179 3672 1207 3708 se
1225 3655 1333 3709 Curtius
1351 3671 1385 3723 v,
1406 3664 1451 3726 12,

204 3723 285 3776 batur
307 3728 366 3773 tum
388 3722 572 3791 corrigendum
594 3739 649 3776 esse
672 3725 805 3790 lateribus,
844 3729 874 3776 lt
893 3741 927 3792 ap
948 3723 1019 3776 ellat
1052 3723 1119 3776 Post
1136 3673 1199 3776 odm
1217 3723 1355 3777 omiseram
1372 3727 1451 3780 milia

204 3805 290 3869 neque
308 3787 433 3909 Gronopl.i
452 3790 583 3868 persuasit
580 3831 606 3910 ὧ
619 3799 652 3842 ut
675 3791 806 3872 partium,
841 3791 911 3844 sicut
927 3741 958 3844 dt
975 3791 1004 3842 in
1021 3791 1096 3844 Leid.
1114 3791 1221 3871 Vosst
1240 3799 1354 3872 utrqque
1366 3792 1451 3848 Bes-n.

101 3907 104 3913 ’
140 3925 150 3936 ·
204 3856 806 4006 tittattenteturtituta
840 3857 916 3980 itt
930 3857 1452 4008 tiit‘tttttt'tidt

204 4003 261 4114 ἔξω
295 4003 377 4062 equite
409 3996 568 4047 circumdato
601 4012 731 4066 scripsisse
759 4013 806 4066 pu·
842 4011 891 4048 nec
909 3995 985 4116 faqile
1011 4012 1046 4048 ex
1071 4013 1227 4077 praegresso
1249 3999 1285 4048 m·
1306 3997 1451 4067 cooptari

235 4078 298 4113 rem.
861 4081 939 4119 ossun
985 4082 1055 4118 nunc
1072 4082 1200 4118 revocari.

240 4131 263 4198 §.
283 4134 324 4206 4.¹
342 4147 399 4182 ciem
422 4133 481 4186 citis
510 4133 635 4202 equitibus
659 4133 808 4187 emendatio
843 4083 976 4186 pcennsali
994 4136 1098 4202 falcati
1126 4151 1220 4186 cussus
1245 4149 1335 4186 omnes
1361 4134 1449 4204 codd,

204 4204 247 4250 est
265 4195 451 4266 Freinshemii‚
475 4217 535 4253 cum
553 4201 580 4254 in
598 4203 669 4273 vulg.
687 4202 808 4256 editioni·
843 4219 896 4256 non
913 4205 1117 4271 quinquaqinta,
1137 4211 1167 4253 ut
1186 4201 1265 4271 vulgo
1283 4203 1370 4255 editur
1388 4211 1451 4273 post

205 4267 254 4318 bus
273 4263 406 4334 legeretur
424 4271 545 4334 condite,
565 4269 591 4321 in
609 4271 734 4322 ltlodiana
752 4290 807 4324 cuni
842 4271 949 4322 Aldum.
961 4271 1064 4322 Arrian.
1076 4285 1118 4336 nr,
1131 4277 1159 4322 11
1181 4269 1245 4322 item
1263 4279 1369 4323 eentum
1387 4287 1449 4324 eur-

206 4334 309 4401 Scytbis
328 4337 463 4403 equitibus.
483 4336 566 4390 Codd.
584 4337 702 4407 plerique
720 4355 808 4391 onines
842 4355 887 4392 rus
909 4338 936 4392 in
960 4338 1036 4391 laevo
1061 4354 1144 4392 cornu
1168 4339 1255 4406 fuisse,
1278 4339 1325 4392 sed
1344 4357 1450 4412 προτε-

205 4420 263 4455 cum
280 4403 363 4470 scitis,
383 4403 459 4474 pauci
477 4407 607 4472 conicitis,
627 4405 733 4459 FlanG
751 4425 807 4460 cum
842 4406 949 4472 τάχθαι
967 4406 991 4460 ei
1009 4407 1098 4461 refert
