<?xml version="1.0" encoding="UTF-8"?>
<!DOCTYPE html PUBLIC "-//W3C//DTD XHTML 1.0 Transitional//EN"
    "http://www.w3.org/TR/xhtml1/DTD/xhtml1-transitional.dtd">
<html xmlns="http://www.w3.org/1999/xhtml" xml:lang="en" lang="en">
 <head>
  <title>
</title>
<meta http-equiv="Content-Type" content="text/html;charset=utf-8" />
  <meta name='ocr-system' content='tesseract 3.04.00' />
  <meta name='ocr-capabilities' content='ocr_page ocr_carea ocr_par ocr_line ocrx_word'/>
</head>
<body>
  <div class='ocr_page' id='page_1' title='image "./qcurtiirufidege03rufugoog_0500.png"; bbox 0 0 3258 5120; ppageno 0'>
   <div class='ocr_carea' id='block_1_1' title="bbox 587 329 1420 414">
    <p class='ocr_par' dir='ltr' id='par_1_1' title="bbox 587 329 1420 414">
     <span class='ocr_line' id='line_1_1' title="bbox 587 329 1420 414; baseline 0.01 -23"><span class='ocrx_word' id='word_1_1' title='bbox 587 341 634 392; x_wconf 83' lang='lat' dir='ltr'>nn</span> <span class='ocrx_word' id='word_1_2' title='bbox 662 341 789 395; x_wconf 82' lang='lat' dir='ltr'>ensrrs</span> <span class='ocrx_word' id='word_1_3' title='bbox 815 343 924 396; x_wconf 77' lang='lat' dir='ltr'>Annx.</span> <span class='ocrx_word' id='word_1_4' title='bbox 951 346 1001 414; x_wconf 76' lang='lat' dir='ltr'>nr,</span> <span class='ocrx_word' id='word_1_5' title='bbox 1028 343 1071 392; x_wconf 70' lang='lat' dir='ltr'>se.</span> <span class='ocrx_word' id='word_1_6' title='bbox 1346 329 1420 404; x_wconf 80' lang='grc'>473</span> 
     </span>
    </p>
   </div>
   <div class='ocr_carea' id='block_1_2' title="bbox 68 516 1531 2178">
    <p class='ocr_par' dir='ltr' id='par_1_2' title="bbox 181 516 1421 834">
     <span class='ocr_line' id='line_1_2' title="bbox 181 516 1419 628; baseline -0.001 -22"><span class='ocrx_word' id='word_1_7' title='bbox 181 545 283 611; x_wconf 81' lang='lat' dir='ltr'>aestu</span> <span class='ocrx_word' id='word_1_8' title='bbox 309 523 624 618; x_wconf 87' lang='lat' dir='ltr'>reverberabatur,</span> <span class='ocrx_word' id='word_1_9' title='bbox 660 516 842 628; x_wconf 87' lang='lat' dir='ltr'>applicant</span> <span class='ocrx_word' id='word_1_10' title='bbox 867 529 1033 619; x_wconf 83' lang='lat' dir='ltr'>classem,</span> <span class='ocrx_word' id='word_1_11' title='bbox 1065 529 1174 602; x_wconf 87' lang='lat' dir='ltr'>etad</span> <span class='ocrx_word' id='word_1_12' title='bbox 1200 539 1419 606; x_wconf 82' lang='lat' dir='ltr'>commeatus</span> 
     </span>
     <span class='ocr_line' id='line_1_3' title="bbox 181 637 1421 745; baseline -0.002 -26"><span class='ocrx_word' id='word_1_13' title='bbox 181 639 356 745; x_wconf 83' lang='lat' dir='ltr'>petendos</span> <span class='ocrx_word' id='word_1_14' title='bbox 396 637 621 730; x_wconf 85' lang='lat' dir='ltr'>discurrunt,</span> <span class='ocrx_word' id='word_1_15' title='bbox 669 641 785 712; x_wconf 64' lang='lat' dir='ltr'>stcuri</span> <span class='ocrx_word' id='word_1_16' title='bbox 830 661 933 710; x_wconf 89' lang='lat' dir='ltr'>casus</span> <span class='ocrx_word' id='word_1_17' title='bbox 973 639 1065 729; x_wconf 87' lang='lat' dir='ltr'>eius,</span> <span class='ocrx_word' id='word_1_18' title='bbox 1114 642 1174 736; x_wconf 94' lang='lat' dir='ltr'>qui</span> <span class='ocrx_word' id='word_1_19' title='bbox 1213 644 1421 739; x_wconf 86' lang='lat' dir='ltr'>supervenit</span> 
     </span>
     <span class='ocr_line' id='line_1_4' title="bbox 181 781 324 834; baseline 0.007 -4"><span class='ocrx_word' id='word_1_20' title='bbox 181 784 191 830; x_wconf 91' lang='lat'><em>1</em></span> <span class='ocrx_word' id='word_1_21' title='bbox 284 781 324 834; x_wconf 78' lang='lat' dir='ltr'>ts·</span> 
     </span>
    </p>

    <p class='ocr_par' dir='ltr' id='par_1_3' title="bbox 149 781 1473 1181">
     <span class='ocr_line' id='line_1_5' title="bbox 149 781 1473 949; baseline 0.005 -21"><span class='ocrx_word' id='word_1_22' title='bbox 149 881 163 928; x_wconf 85' lang='lat' dir='ltr'>a</span> <span class='ocrx_word' id='word_1_23' title='bbox 193 781 408 934; x_wconf 64' lang='lat' dir='ltr'>guarTertia</span> <span class='ocrx_word' id='word_1_24' title='bbox 433 863 545 936; x_wconf 87' lang='lat' dir='ltr'>ferme</span> <span class='ocrx_word' id='word_1_25' title='bbox 571 862 661 934; x_wconf 84' lang='lat' dir='ltr'>hore</span> <span class='ocrx_word' id='word_1_26' title='bbox 687 869 784 949; x_wconf 87' lang='lat' dir='ltr'>erat,</span> <span class='ocrx_word' id='word_1_27' title='bbox 824 884 907 932; x_wconf 87' lang='lat' dir='ltr'>cum</span> <span class='ocrx_word' id='word_1_28' title='bbox 939 872 1035 935; x_wconf 89' lang='lat' dir='ltr'>stata</span> <span class='ocrx_word' id='word_1_29' title='bbox 1067 862 1144 934; x_wconf 91' lang='lat' dir='ltr'>vice</span> <span class='ocrx_word' id='word_1_30' title='bbox 1171 857 1336 936; x_wconf 80' lang='lat' dir='ltr'>Oceanus</span> <span class='ocrx_word' id='word_1_31' title='bbox 1363 865 1473 936; x_wconf 87' lang='lat' dir='ltr'>ex·35</span> 
     </span>
     <span class='ocr_line' id='line_1_6' title="bbox 183 969 1421 1071; baseline 0.001 -27"><span class='ocrx_word' id='word_1_32' title='bbox 183 981 352 1047; x_wconf 84' lang='lat' dir='ltr'>aestuans</span> <span class='ocrx_word' id='word_1_33' title='bbox 378 973 501 1048; x_wconf 90' lang='lat' dir='ltr'>invehi</span> <span class='ocrx_word' id='word_1_34' title='bbox 527 973 646 1068; x_wconf 89' lang='lat' dir='ltr'>coepit</span> <span class='ocrx_word' id='word_1_35' title='bbox 672 981 709 1043; x_wconf 91' lang='lat' dir='ltr'>et</span> <span class='ocrx_word' id='word_1_36' title='bbox 727 981 825 1043; x_wconf 90' lang='lat' dir='ltr'>retro</span> <span class='ocrx_word' id='word_1_37' title='bbox 845 971 978 1045; x_wconf 90' lang='lat' dir='ltr'>flumen</span> <span class='ocrx_word' id='word_1_38' title='bbox 997 998 1134 1070; x_wconf 86' lang='lat' dir='ltr'>urgere.</span> <span class='ocrx_word' id='word_1_39' title='bbox 1176 969 1281 1061; x_wconf 82' lang='lat' dir='ltr'>Quod</span> <span class='ocrx_word' id='word_1_40' title='bbox 1306 975 1421 1071; x_wconf 90' lang='lat' dir='ltr'>primo</span> 
     </span>
     <span class='ocr_line' id='line_1_7' title="bbox 164 1081 1423 1181; baseline 0 -25"><span class='ocrx_word' id='word_1_41' title='bbox 164 1083 385 1175; x_wconf 81' lang='lat' dir='ltr'>coercitum,</span> <span class='ocrx_word' id='word_1_42' title='bbox 405 1081 535 1158; x_wconf 89' lang='lat' dir='ltr'>deinde</span> <span class='ocrx_word' id='word_1_43' title='bbox 552 1083 799 1156; x_wconf 89' lang='lat' dir='ltr'>vehementius</span> <span class='ocrx_word' id='word_1_44' title='bbox 816 1084 969 1180; x_wconf 88' lang='lat' dir='ltr'>pulsum,</span> <span class='ocrx_word' id='word_1_45' title='bbox 996 1085 1130 1158; x_wconf 90' lang='lat' dir='ltr'>maiore</span> <span class='ocrx_word' id='word_1_46' title='bbox 1145 1085 1280 1181; x_wconf 89' lang='lat' dir='ltr'>impetu</span> <span class='ocrx_word' id='word_1_47' title='bbox 1297 1083 1423 1158; x_wconf 90' lang='lat' dir='ltr'>adver·</span> 
     </span>
    </p>

    <p class='ocr_par' dir='ltr' id='par_1_4' title="bbox 68 1195 1420 1295">
     <span class='ocr_line' id='line_1_8' title="bbox 68 1195 1420 1295; baseline 0.001 -29"><span class='ocrx_word' id='word_1_48' title='bbox 68 1241 71 1248; x_wconf 91' lang='lat'>·</span> <span class='ocrx_word' id='word_1_49' title='bbox 182 1218 263 1268; x_wconf 91' lang='lat' dir='ltr'>sum</span> <span class='ocrx_word' id='word_1_50' title='bbox 294 1196 486 1295; x_wconf 82' lang='lat' dir='ltr'>agebatur,</span> <span class='ocrx_word' id='word_1_51' title='bbox 524 1217 632 1289; x_wconf 88' lang='lat' dir='ltr'>quam</span> <span class='ocrx_word' id='word_1_52' title='bbox 670 1195 844 1266; x_wconf 78' lang='lat' dir='ltr'>torrentia</span> <span class='ocrx_word' id='word_1_53' title='bbox 875 1196 1059 1293; x_wconf 88' lang='lat' dir='ltr'>praecipiti</span> <span class='ocrx_word' id='word_1_54' title='bbox 1091 1197 1194 1268; x_wconf 88' lang='lat' dir='ltr'>alveo</span> <span class='ocrx_word' id='word_1_55' title='bbox 1226 1196 1420 1268; x_wconf 88' lang='lat' dir='ltr'>incurrunt.</span> 
     </span>
    </p>

    <p class='ocr_par' dir='ltr' id='par_1_5' title="bbox 132 1303 1531 1402">
     <span class='ocr_line' id='line_1_9' title="bbox 132 1303 1531 1402; baseline 0.005 -31"><span class='ocrx_word' id='word_1_56' title='bbox 132 1325 164 1373; x_wconf 86' lang='grc' dir='ltr'>ιο</span> <span class='ocrx_word' id='word_1_57' title='bbox 181 1303 311 1402; x_wconf 83' lang='lat' dir='ltr'>Ignota</span> <span class='ocrx_word' id='word_1_58' title='bbox 335 1305 446 1402; x_wconf 83' lang='lat' dir='ltr'>vulgo</span> <span class='ocrx_word' id='word_1_59' title='bbox 473 1303 555 1376; x_wconf 88' lang='lat' dir='ltr'>freti</span> <span class='ocrx_word' id='word_1_60' title='bbox 586 1313 716 1376; x_wconf 88' lang='lat' dir='ltr'>natura</span> <span class='ocrx_word' id='word_1_61' title='bbox 747 1315 840 1394; x_wconf 87' lang='lat' dir='ltr'>erat,</span> <span class='ocrx_word' id='word_1_62' title='bbox 878 1323 1110 1402; x_wconf 86' lang='lat' dir='ltr'>monstraque</span> <span class='ocrx_word' id='word_1_63' title='bbox 1141 1316 1178 1378; x_wconf 91' lang='lat' dir='ltr'>et</span> <span class='ocrx_word' id='word_1_64' title='bbox 1209 1305 1282 1379; x_wconf 87' lang='lat' dir='ltr'>irae</span> <span class='ocrx_word' id='word_1_65' title='bbox 1314 1305 1422 1380; x_wconf 93' lang='lat' dir='ltr'>deum</span> <span class='ocrx_word' id='word_1_66' title='bbox 1529 1395 1531 1400; x_wconf 23' lang='grc' dir='ltr'>Ι</span> 
     </span>
    </p>

    <p class='ocr_par' dir='ltr' id='par_1_6' title="bbox 132 1412 1425 2178">
     <span class='ocr_line' id='line_1_10' title="bbox 180 1412 1423 1494; baseline 0.002 -7"><span class='ocrx_word' id='word_1_67' title='bbox 180 1415 312 1490; x_wconf 87' lang='lat' dir='ltr'>indicia</span> <span class='ocrx_word' id='word_1_68' title='bbox 345 1438 492 1488; x_wconf 89' lang='lat' dir='ltr'>cernere</span> <span class='ocrx_word' id='word_1_69' title='bbox 529 1412 752 1487; x_wconf 88' lang='lat' dir='ltr'>videbantur.</span> <span class='ocrx_word' id='word_1_70' title='bbox 813 1413 1014 1489; x_wconf 86' lang='lat' dir='ltr'>Identidem</span> <span class='ocrx_word' id='word_1_71' title='bbox 1050 1417 1288 1494; x_wconf 81' lang='lat' dir='ltr'>intumescens</span> <span class='ocrx_word' id='word_1_72' title='bbox 1324 1441 1423 1490; x_wconf 90' lang='lat' dir='ltr'>mare</span> 
     </span>
     <span class='ocr_line' id='line_1_11' title="bbox 182 1524 1422 1625; baseline 0 -25"><span class='ocrx_word' id='word_1_73' title='bbox 182 1537 219 1600; x_wconf 92' lang='lat' dir='ltr'>et</span> <span class='ocrx_word' id='word_1_74' title='bbox 258 1526 296 1598; x_wconf 91' lang='lat' dir='ltr'>in</span> <span class='ocrx_word' id='word_1_75' title='bbox 330 1549 477 1622; x_wconf 86' lang='lat' dir='ltr'>campos</span> <span class='ocrx_word' id='word_1_76' title='bbox 511 1524 619 1622; x_wconf 86' lang='lat' dir='ltr'>paulo</span> <span class='ocrx_word' id='word_1_77' title='bbox 660 1533 744 1598; x_wconf 85' lang='lat' dir='ltr'>ante</span> <span class='ocrx_word' id='word_1_78' title='bbox 785 1525 897 1598; x_wconf 89' lang='lat' dir='ltr'>siccos</span> <span class='ocrx_word' id='word_1_79' title='bbox 938 1525 1154 1600; x_wconf 88' lang='lat' dir='ltr'>descendere</span> <span class='ocrx_word' id='word_1_80' title='bbox 1188 1529 1422 1625; x_wconf 81' lang='lat' dir='ltr'>superfusum.</span> 
     </span>
     <span class='ocr_line' id='line_1_12' title="bbox 132 1634 1425 1736; baseline 0.007 -34"><span class='ocrx_word' id='word_1_81' title='bbox 132 1656 161 1703; x_wconf 85' lang='grc' dir='ltr'>ιι</span> <span class='ocrx_word' id='word_1_82' title='bbox 181 1634 327 1733; x_wconf 82' lang='lat' dir='ltr'>Iamque</span> <span class='ocrx_word' id='word_1_83' title='bbox 375 1635 505 1708; x_wconf 86' lang='lat' dir='ltr'>levatis</span> <span class='ocrx_word' id='word_1_84' title='bbox 553 1635 730 1733; x_wconf 85' lang='lat' dir='ltr'>navigiis,</span> <span class='ocrx_word' id='word_1_85' title='bbox 782 1646 821 1710; x_wconf 91' lang='lat' dir='ltr'>et</span> <span class='ocrx_word' id='word_1_86' title='bbox 860 1647 939 1711; x_wconf 88' lang='lat' dir='ltr'>tota</span> <span class='ocrx_word' id='word_1_87' title='bbox 978 1638 1091 1710; x_wconf 82' lang='lat' dir='ltr'>classe</span> <span class='ocrx_word' id='word_1_88' title='bbox 1132 1635 1317 1736; x_wconf 90' lang='lat' dir='ltr'>dispersa,</span> <span class='ocrx_word' id='word_1_89' title='bbox 1363 1639 1425 1735; x_wconf 94' lang='lat' dir='ltr'>qui</span> 
     </span>
     <span class='ocr_line' id='line_1_13' title="bbox 181 1743 1423 1848; baseline 0.002 -28"><span class='ocrx_word' id='word_1_90' title='bbox 181 1747 337 1845; x_wconf 80' lang='lat' dir='ltr'>expositi</span> <span class='ocrx_word' id='word_1_91' title='bbox 378 1755 483 1821; x_wconf 88' lang='lat' dir='ltr'>erant</span> <span class='ocrx_word' id='word_1_92' title='bbox 526 1743 684 1842; x_wconf 92' lang='lat' dir='ltr'>undique</span> <span class='ocrx_word' id='word_1_93' title='bbox 725 1743 772 1818; x_wconf 86' lang='lat' dir='ltr'>ed</span> <span class='ocrx_word' id='word_1_94' title='bbox 818 1772 929 1821; x_wconf 87' lang='lat' dir='ltr'>naves</span> <span class='ocrx_word' id='word_1_95' title='bbox 976 1747 1107 1846; x_wconf 86' lang='lat' dir='ltr'>trepidi</span> <span class='ocrx_word' id='word_1_96' title='bbox 1148 1758 1185 1821; x_wconf 92' lang='lat' dir='ltr'>et</span> <span class='ocrx_word' id='word_1_97' title='bbox 1229 1749 1423 1848; x_wconf 89' lang='lat' dir='ltr'>improviso</span> 
     </span>
     <span class='ocr_line' id='line_1_14' title="bbox 133 1853 1425 1958; baseline 0.011 -36"><span class='ocrx_word' id='word_1_98' title='bbox 133 1875 163 1923; x_wconf 78' lang='lat'>12</span> <span class='ocrx_word' id='word_1_99' title='bbox 181 1857 275 1931; x_wconf 86' lang='lat' dir='ltr'>malo</span> <span class='ocrx_word' id='word_1_100' title='bbox 307 1857 452 1932; x_wconf 87' lang='lat' dir='ltr'>attoniti</span> <span class='ocrx_word' id='word_1_101' title='bbox 490 1867 688 1930; x_wconf 87' lang='lat' dir='ltr'>recurrunt</span> <span class='ocrx_word' id='word_1_102' title='bbox 743 1853 817 1930; x_wconf 92' lang='lat' dir='ltr'>Sed</span> <span class='ocrx_word' id='word_1_103' title='bbox 852 1857 890 1930; x_wconf 93' lang='lat' dir='ltr'>in</span> <span class='ocrx_word' id='word_1_104' title='bbox 931 1859 1088 1932; x_wconf 88' lang='lat' dir='ltr'>tumultu</span> <span class='ocrx_word' id='word_1_105' title='bbox 1125 1859 1304 1934; x_wconf 84' lang='lat' dir='ltr'>festinatio</span> <span class='ocrx_word' id='word_1_106' title='bbox 1340 1885 1425 1958; x_wconf 91' lang='lat' dir='ltr'>quo·</span> 
     </span>
     <span class='ocr_line' id='line_1_15' title="bbox 182 1963 1425 2069; baseline 0.005 -29"><span class='ocrx_word' id='word_1_107' title='bbox 182 1990 251 2064; x_wconf 88' lang='lat' dir='ltr'>que</span> <span class='ocrx_word' id='word_1_108' title='bbox 291 1968 398 2042; x_wconf 86' lang='lat' dir='ltr'>tarda</span> <span class='ocrx_word' id='word_1_109' title='bbox 439 1977 524 2042; x_wconf 86' lang='lat' dir='ltr'>est·</span> <span class='ocrx_word' id='word_1_110' title='bbox 565 1963 614 2038; x_wconf 89' lang='lat' dir='ltr'>Hi</span> <span class='ocrx_word' id='word_1_111' title='bbox 640 1967 764 2040; x_wconf 86' lang='lat' dir='ltr'>contis</span> <span class='ocrx_word' id='word_1_112' title='bbox 799 1968 942 2068; x_wconf 85' lang='lat' dir='ltr'>navigia</span> <span class='ocrx_word' id='word_1_113' title='bbox 970 1969 1225 2069; x_wconf 80' lang='lat' dir='ltr'>appellebant,</span> <span class='ocrx_word' id='word_1_114' title='bbox 1267 1971 1304 2045; x_wconf 94' lang='lat' dir='ltr'>bi</span> <span class='ocrx_word' id='word_1_115' title='bbox 1338 1970 1425 2046; x_wconf 89' lang='lat' dir='ltr'>dum</span> 
     </span>
     <span class='ocr_line' id='line_1_16' title="bbox 134 2077 1421 2178; baseline 0.009 -33"><span class='ocrx_word' id='word_1_116' title='bbox 134 2096 164 2145; x_wconf 76' lang='lat' dir='ltr'>ts</span> <span class='ocrx_word' id='word_1_117' title='bbox 182 2102 299 2153; x_wconf 88' lang='lat' dir='ltr'>remos</span> <span class='ocrx_word' id='word_1_118' title='bbox 342 2078 459 2178; x_wconf 88' lang='lat' dir='ltr'>aptari</span> <span class='ocrx_word' id='word_1_119' title='bbox 499 2077 758 2177; x_wconf 80' lang='lat' dir='ltr'>prohibebant,</span> <span class='ocrx_word' id='word_1_120' title='bbox 805 2078 1053 2154; x_wconf 86' lang='lat' dir='ltr'>consederant</span> <span class='ocrx_word' id='word_1_121' title='bbox 1115 2077 1267 2170; x_wconf 86' lang='lat' dir='ltr'>Quidam</span> <span class='ocrx_word' id='word_1_122' title='bbox 1301 2083 1421 2157; x_wconf 83' lang='lat' dir='ltr'>enavi-</span> 
     </span>
    </p>
   </div>
   <div class='ocr_carea' id='block_1_3' title="bbox 182 2261 1427 3098">
    <p class='ocr_par' dir='ltr' id='par_1_7' title="bbox 182 2261 1427 3098">
     <span class='ocr_line' id='line_1_17' title="bbox 182 2261 1426 2398; baseline 0.005 -15"><span class='ocrx_word' id='word_1_123' title='bbox 182 2262 444 2384; x_wconf 53' lang='lat' dir='ltr'>mm</span> <span class='ocrx_word' id='word_1_124' title='bbox 460 2261 711 2385; x_wconf 46' lang='lat' dir='ltr'>altstat</span> <span class='ocrx_word' id='word_1_125' title='bbox 726 2261 789 2386; x_wconf 61' lang='lat'>‘²0⁰3&#39;</span> <span class='ocrx_word' id='word_1_126' title='bbox 824 2263 1087 2398; x_wconf 60' lang='lat' dir='ltr'>ttett&#39;tt‘]</span> <span class='ocrx_word' id='word_1_127' title='bbox 1123 2263 1426 2388; x_wconf 54' lang='lat' dir='ltr'>mitreus</span> 
     </span>
     <span class='ocr_line' id='line_1_18' title="bbox 182 2347 1427 2484; baseline 0.006 -34"><span class='ocrx_word' id='word_1_128' title='bbox 182 2395 252 2452; x_wconf 84' lang='lat' dir='ltr'>dices</span> <span class='ocrx_word' id='word_1_129' title='bbox 269 2369 391 2470; x_wconf 80' lang='lat' dir='ltr'>pleriqbe</span> <span class='ocrx_word' id='word_1_130' title='bbox 407 2399 490 2452; x_wconf 74' lang='lat' dir='ltr'>leuius</span> <span class='ocrx_word' id='word_1_131' title='bbox 505 2370 615 2452; x_wconf 74' lang='lat' dir='ltr'>babent.</span> <span class='ocrx_word' id='word_1_132' title='bbox 718 2371 726 2399; x_wconf 70' lang='grc'>’</span> <span class='ocrx_word' id='word_1_133' title='bbox 777 2363 789 2375; x_wconf 42' lang='lat'><strong>³</strong></span> <span class='ocrx_word' id='word_1_134' title='bbox 823 2347 1004 2482; x_wconf 65' lang='lat' dir='ltr'>¹pirgdbibebant</span> <span class='ocrx_word' id='word_1_135' title='bbox 1024 2417 1058 2454; x_wconf 87' lang='lat' dir='ltr'>ne</span> <span class='ocrx_word' id='word_1_136' title='bbox 1074 2349 1146 2456; x_wconf 56' lang='lat' dir='ltr'>edepini</span> <span class='ocrx_word' id='word_1_137' title='bbox 1170 2374 1427 2484; x_wconf 43' lang='lat' dir='ltr'>aptarentursquia</span> 
     </span>
     <span class='ocr_line' id='line_1_19' title="bbox 182 2465 1427 2606; baseline 0.005 -19"><span class='ocrx_word' id='word_1_138' title='bbox 182 2465 791 2606; x_wconf 54' lang='lat' dir='ltr'>cfflddtlgltlfflttaff‘ld</span> <span class='ocrx_word' id='word_1_139' title='bbox 824 2469 1233 2592; x_wconf 58' lang='lat' dir='ltr'>tettttdtffitt</span> <span class='ocrx_word' id='word_1_140' title='bbox 1254 2477 1357 2592; x_wconf 58' lang='lat' dir='ltr'>llll?</span> <span class='ocrx_word' id='word_1_141' title='bbox 1372 2488 1427 2593; x_wconf 69' lang='lat' dir='ltr'>tt:</span> 
     </span>
     <span class='ocr_line' id='line_1_20' title="bbox 182 2601 1426 2792; baseline 0.005 -68"><span class='ocrx_word' id='word_1_142' title='bbox 182 2601 354 2792; x_wconf 51' lang='lat' dir='ltr'>puni</span> <span class='ocrx_word' id='word_1_143' title='bbox 371 2612 792 2726; x_wconf 54' lang='lat' dir='ltr'>nutet</span> <span class='ocrx_word' id='word_1_144' title='bbox 823 2603 1426 2755; x_wconf 55' lang='lat' dir='ltr'>,assumam</span> 
     </span>
     <span class='ocr_line' id='line_1_21' title="bbox 201 2740 1425 2822; baseline 0.005 -30"><span class='ocrx_word' id='word_1_145' title='bbox 201 2756 234 2794; x_wconf 76' lang='lat' dir='ltr'>ici</span> <span class='ocrx_word' id='word_1_146' title='bbox 259 2740 709 2821; x_wconf 40' lang='lat' dir='ltr'>posset,monu1t·Frernshem11u;</span> <span class='ocrx_word' id='word_1_147' title='bbox 737 2757 788 2811; x_wconf 81' lang='lat' dir='ltr'>ego</span> <span class='ocrx_word' id='word_1_148' title='bbox 823 2743 915 2822; x_wconf 62' lang='lat' dir='ltr'>eetde</span> <span class='ocrx_word' id='word_1_149' title='bbox 932 2742 1224 2822; x_wconf 74' lang='lat' dir='ltr'>bomrmbnaexpovtu</span> <span class='ocrx_word' id='word_1_150' title='bbox 1241 2761 1269 2796; x_wconf 86' lang='lat' dir='ltr'>m</span> <span class='ocrx_word' id='word_1_151' title='bbox 1285 2759 1365 2797; x_wconf 84' lang='lat' dir='ltr'>naves</span> <span class='ocrx_word' id='word_1_152' title='bbox 1381 2760 1425 2798; x_wconf 87' lang='lat' dir='ltr'>re-</span> 
     </span>
     <span class='ocr_line' id='line_1_22' title="bbox 182 2808 1425 2892; baseline 0.003 -31"><span class='ocrx_word' id='word_1_153' title='bbox 182 2824 286 2861; x_wconf 80' lang='lat' dir='ltr'>cursum</span> <span class='ocrx_word' id='word_1_154' title='bbox 303 2809 411 2888; x_wconf 77' lang='lat' dir='ltr'>quidem</span> <span class='ocrx_word' id='word_1_155' title='bbox 437 2825 557 2888; x_wconf 67' lang='lat' dir='ltr'>nquum,</span> <span class='ocrx_word' id='word_1_156' title='bbox 583 2811 633 2863; x_wconf 86' lang='lat' dir='ltr'>sed</span> <span class='ocrx_word' id='word_1_157' title='bbox 648 2808 722 2890; x_wconf 77' lang='lat' dir='ltr'>illum</span> <span class='ocrx_word' id='word_1_158' title='bbox 747 2825 797 2862; x_wconf 59' lang='lat' dir='ltr'>aa:</span> <span class='ocrx_word' id='word_1_159' title='bbox 824 2809 961 2891; x_wconf 69' lang='lat' dir='ltr'>crprendra.</span> <span class='ocrx_word' id='word_1_160' title='bbox 997 2809 1100 2890; x_wconf 77' lang='lat' dir='ltr'>Quqdar</span> <span class='ocrx_word' id='word_1_161' title='bbox 1117 2814 1285 2890; x_wconf 79' lang='lat' dir='ltr'>consederant</span> <span class='ocrx_word' id='word_1_162' title='bbox 1308 2813 1342 2865; x_wconf 89' lang='lat' dir='ltr'>de</span> <span class='ocrx_word' id='word_1_163' title='bbox 1359 2830 1425 2892; x_wconf 77' lang='lat' dir='ltr'>nau-</span> 
     </span>
     <span class='ocr_line' id='line_1_23' title="bbox 182 2876 1424 3027; baseline 0.003 -29"><span class='ocrx_word' id='word_1_164' title='bbox 182 2876 575 3014; x_wconf 52' lang='lat' dir='ltr'>ffpgfflaqquffl</span> <span class='ocrx_word' id='word_1_165' title='bbox 596 2876 793 3000; x_wconf 57' lang='lat' dir='ltr'>&#39;lffltbf</span> <span class='ocrx_word' id='word_1_166' title='bbox 823 2879 1424 3027; x_wconf 42' lang='lat' dir='ltr'>effrenatarum</span> 
     </span>
     <span class='ocr_line' id='line_1_24' title="bbox 183 3012 1425 3098; baseline 0.005 -32"><span class='ocrx_word' id='word_1_167' title='bbox 183 3013 322 3066; x_wconf 64' lang='lat' dir='ltr'>beralm</span> <span class='ocrx_word' id='word_1_168' title='bbox 338 3029 463 3084; x_wconf 77' lang='lat' dir='ltr'>parmas</span> <span class='ocrx_word' id='word_1_169' title='bbox 501 3012 693 3069; x_wconf 64' lang='lat' dir='ltr'>londonen</span> <span class='ocrx_word' id='word_1_170' title='bbox 709 3017 788 3068; x_wconf 79' lang='lat' dir='ltr'>Berm</span> <span class='ocrx_word' id='word_1_171' title='bbox 823 3022 853 3069; x_wconf 90' lang='lat' dir='ltr'>et</span> <span class='ocrx_word' id='word_1_172' title='bbox 873 3014 988 3069; x_wconf 79' lang='lat' dir='ltr'>moiseo</span> <span class='ocrx_word' id='word_1_173' title='bbox 1008 3021 1125 3080; x_wconf 68' lang='lat' dir='ltr'>datura,</span> <span class='ocrx_word' id='word_1_174' title='bbox 1147 3016 1176 3068; x_wconf 83' lang='lat' dir='ltr'>rd</span> <span class='ocrx_word' id='word_1_175' title='bbox 1191 3016 1277 3086; x_wconf 81' lang='lat' dir='ltr'>qvod,</span> <span class='ocrx_word' id='word_1_176' title='bbox 1306 3015 1425 3098; x_wconf 81' lang='lat' dir='ltr'>quamvis</span> 
     </span>
    </p>
   </div>
   <div class='ocr_carea' id='block_1_4' title="bbox 182 3079 1470 3204">
    <p class='ocr_par' dir='ltr' id='par_1_8' title="bbox 182 3079 1470 3204">
     <span class='ocr_line' id='line_1_25' title="bbox 182 3079 1470 3204; baseline 0.003 -71"><span class='ocrx_word' id='word_1_177' title='bbox 182 3079 286 3134; x_wconf 78' lang='lat' dir='ltr'>Raetia</span> <span class='ocrx_word' id='word_1_178' title='bbox 312 3087 401 3136; x_wconf 85' lang='lat' dir='ltr'>tutum</span> <span class='ocrx_word' id='word_1_179' title='bbox 418 3089 472 3148; x_wconf 84' lang='lat' dir='ltr'>eet,</span> <span class='ocrx_word' id='word_1_180' title='bbox 499 3082 628 3204; x_wconf 83' lang='lat' dir='ltr'>aquibus</span> <span class='ocrx_word' id='word_1_181' title='bbox 649 3099 705 3136; x_wconf 87' lang='lat' dir='ltr'>non</span> <span class='ocrx_word' id='word_1_182' title='bbox 721 3081 789 3135; x_wconf 91' lang='lat' dir='ltr'>mul·</span> <span class='ocrx_word' id='word_1_183' title='bbox 823 3081 957 3137; x_wconf 85' lang='lat' dir='ltr'>interdum</span> <span class='ocrx_word' id='word_1_184' title='bbox 974 3083 1008 3137; x_wconf 89' lang='lat' dir='ltr'>ab</span> <span class='ocrx_word' id='word_1_185' title='bbox 1032 3083 1180 3138; x_wconf 82' lang='lat' dir='ltr'>bominibus</span> <span class='ocrx_word' id='word_1_186' title='bbox 1197 3083 1297 3138; x_wconf 80' lang='lat' dir='ltr'>consilii</span> <span class='ocrx_word' id='word_1_187' title='bbox 1319 3084 1433 3140; x_wconf 84' lang='lat' dir='ltr'>mcertis-</span> <span class='ocrx_word' id='word_1_188' title='bbox 1466 3130 1470 3137; x_wconf 91' lang='lat'>.</span> 
     </span>
    </p>
   </div>
   <div class='ocr_carea' id='block_1_5' title="bbox 183 3149 1428 4520">
    <p class='ocr_par' dir='ltr' id='par_1_9' title="bbox 183 3149 1428 4520">
     <span class='ocr_line' id='line_1_26' title="bbox 183 3149 1425 3224; baseline 0.004 -22"><span class='ocrx_word' id='word_1_189' title='bbox 183 3157 240 3202; x_wconf 74' lang='lat' dir='ltr'>mm</span> <span class='ocrx_word' id='word_1_190' title='bbox 265 3149 391 3203; x_wconf 79' lang='lat' dir='ltr'>aberrant</span> <span class='ocrx_word' id='word_1_191' title='bbox 414 3149 486 3204; x_wconf 80' lang='lat' dir='ltr'>Flor.</span> <span class='ocrx_word' id='word_1_192' title='bbox 514 3149 538 3202; x_wconf 88' lang='lat' dir='ltr'>D</span> <span class='ocrx_word' id='word_1_193' title='bbox 580 3151 789 3217; x_wconf 76' lang='lat' dir='ltr'>reverberabant,</span> <span class='ocrx_word' id='word_1_194' title='bbox 824 3151 881 3219; x_wconf 83' lang='lat' dir='ltr'>fiat,</span> <span class='ocrx_word' id='word_1_195' title='bbox 906 3150 952 3204; x_wconf 79' lang='lat' dir='ltr'>vix</span> <span class='ocrx_word' id='word_1_196' title='bbox 979 3158 1067 3205; x_wconf 82' lang='lat' dir='ltr'>tamen</span> <span class='ocrx_word' id='word_1_197' title='bbox 1093 3152 1165 3218; x_wconf 82' lang='lat' dir='ltr'>credi</span> <span class='ocrx_word' id='word_1_198' title='bbox 1190 3159 1281 3222; x_wconf 79' lang='lat' dir='ltr'>potest</span> <span class='ocrx_word' id='word_1_199' title='bbox 1302 3152 1330 3206; x_wconf 94' lang='lat' dir='ltr'>in</span> <span class='ocrx_word' id='word_1_200' title='bbox 1355 3153 1425 3224; x_wconf 87' lang='lat' dir='ltr'>peri·</span> 
     </span>
     <span class='ocr_line' id='line_1_27' title="bbox 183 3215 1425 3291; baseline 0.004 -22"><span class='ocrx_word' id='word_1_201' title='bbox 183 3215 228 3269; x_wconf 89' lang='lat' dir='ltr'>alii</span> <span class='ocrx_word' id='word_1_202' title='bbox 244 3219 410 3272; x_wconf 79' lang='lat' dir='ltr'>reverebatur</span> <span class='ocrx_word' id='word_1_203' title='bbox 432 3219 560 3272; x_wconf 84' lang='lat' dir='ltr'>mendose</span> <span class='ocrx_word' id='word_1_204' title='bbox 583 3217 659 3272; x_wconf 89' lang='lat' dir='ltr'>Leid.</span> <span class='ocrx_word' id='word_1_205' title='bbox 677 3219 788 3273; x_wconf 80' lang='lat' dir='ltr'>Vosal</span> <span class='ocrx_word' id='word_1_206' title='bbox 824 3219 871 3273; x_wconf 85' lang='lat' dir='ltr'>tia:</span> <span class='ocrx_word' id='word_1_207' title='bbox 902 3218 1000 3274; x_wconf 80' lang='lat' dir='ltr'>sedisse</span> <span class='ocrx_word' id='word_1_208' title='bbox 1030 3235 1094 3274; x_wconf 84' lang='lat' dir='ltr'>vero</span> <span class='ocrx_word' id='word_1_209' title='bbox 1126 3220 1320 3291; x_wconf 80' lang='lat' dir='ltr'>desperantium</span> <span class='ocrx_word' id='word_1_210' title='bbox 1349 3239 1425 3276; x_wconf 85' lang='lat' dir='ltr'>more</span> 
     </span>
     <span class='ocr_line' id='line_1_28' title="bbox 184 3283 1425 3358; baseline 0.005 -20"><span class='ocrx_word' id='word_1_211' title='bbox 184 3283 264 3340; x_wconf 77' lang='lat' dir='ltr'>Bam</span> <span class='ocrx_word' id='word_1_212' title='bbox 282 3283 307 3338; x_wconf 80' lang='lat' dir='ltr'>A</span> <span class='ocrx_word' id='word_1_213' title='bbox 325 3285 397 3340; x_wconf 75' lang='lat' dir='ltr'>Flor.</span> <span class='ocrx_word' id='word_1_214' title='bbox 414 3285 447 3340; x_wconf 86' lang='lat' dir='ltr'>B.</span> <span class='ocrx_word' id='word_1_215' title='bbox 483 3286 560 3342; x_wconf 86' lang='lat' dir='ltr'>Unus</span> <span class='ocrx_word' id='word_1_216' title='bbox 578 3287 650 3341; x_wconf 80' lang='lat' dir='ltr'>Flor.</span> <span class='ocrx_word' id='word_1_217' title='bbox 663 3286 687 3340; x_wconf 84' lang='lat' dir='ltr'><strong>F</strong></span> <span class='ocrx_word' id='word_1_218' title='bbox 702 3287 790 3342; x_wconf 85' lang='lat' dir='ltr'>verbe-</span> <span class='ocrx_word' id='word_1_219' title='bbox 824 3286 890 3341; x_wconf 88' lang='lat' dir='ltr'>nibil</span> <span class='ocrx_word' id='word_1_220' title='bbox 907 3295 1016 3358; x_wconf 80' lang='lat' dir='ltr'>agentes</span> <span class='ocrx_word' id='word_1_221' title='bbox 1034 3304 1118 3357; x_wconf 88' lang='lat' dir='ltr'>aeque</span> <span class='ocrx_word' id='word_1_222' title='bbox 1135 3291 1262 3343; x_wconf 82' lang='lat' dir='ltr'>absonum</span> <span class='ocrx_word' id='word_1_223' title='bbox 1279 3298 1327 3343; x_wconf 81' lang='lat' dir='ltr'>eat</span> <span class='ocrx_word' id='word_1_224' title='bbox 1363 3289 1425 3345; x_wconf 81' lang='lat' dir='ltr'>Aci-</span> 
     </span>
     <span class='ocr_line' id='line_1_29' title="bbox 183 3352 1425 3426; baseline 0.005 -20"><span class='ocrx_word' id='word_1_225' title='bbox 183 3365 267 3419; x_wconf 86' lang='lat' dir='ltr'>ratvr,</span> <span class='ocrx_word' id='word_1_226' title='bbox 283 3353 331 3407; x_wconf 85' lang='lat' dir='ltr'>aed</span> <span class='ocrx_word' id='word_1_227' title='bbox 347 3353 410 3408; x_wconf 88' lang='lat' dir='ltr'>olim</span> <span class='ocrx_word' id='word_1_228' title='bbox 427 3352 494 3408; x_wconf 90' lang='lat' dir='ltr'>editi</span> <span class='ocrx_word' id='word_1_229' title='bbox 511 3371 596 3426; x_wconf 82' lang='lat' dir='ltr'>usque</span> <span class='ocrx_word' id='word_1_230' title='bbox 612 3357 647 3408; x_wconf 86' lang='lat' dir='ltr'>ad</span> <span class='ocrx_word' id='word_1_231' title='bbox 659 3353 789 3422; x_wconf 79' lang='lat' dir='ltr'>Modiam,</span> <span class='ocrx_word' id='word_1_232' title='bbox 824 3355 888 3409; x_wconf 78' lang='lat' dir='ltr'>delii</span> <span class='ocrx_word' id='word_1_233' title='bbox 904 3356 1117 3410; x_wconf 80' lang='lat' dir='ltr'>emendationem</span> <span class='ocrx_word' id='word_1_234' title='bbox 1133 3359 1162 3410; x_wconf 85' lang='lat' dir='ltr'>lu&#39;</span> <span class='ocrx_word' id='word_1_235' title='bbox 1174 3360 1233 3411; x_wconf 87' lang='lat' dir='ltr'>dum</span> <span class='ocrx_word' id='word_1_236' title='bbox 1253 3360 1425 3424; x_wconf 68' lang='lat' dir='ltr'>conudamt,</span> 
     </span>
     <span class='ocr_line' id='line_1_30' title="bbox 184 3421 1426 3504; baseline 0.006 -30"><span class='ocrx_word' id='word_1_237' title='bbox 184 3423 377 3476; x_wconf 80' lang='lat' dir='ltr'>verberabatur.</span> <span class='ocrx_word' id='word_1_238' title='bbox 412 3421 471 3476; x_wconf 87' lang='lat' dir='ltr'>lun.</span> <span class='ocrx_word' id='word_1_239' title='bbox 488 3424 678 3478; x_wconf 80' lang='lat' dir='ltr'>remorabatur.</span> <span class='ocrx_word' id='word_1_240' title='bbox 825 3441 909 3478; x_wconf 82' lang='lat' dir='ltr'>remor</span> <span class='ocrx_word' id='word_1_241' title='bbox 927 3443 945 3478; x_wconf 88' lang='lat' dir='ltr'>a</span> <span class='ocrx_word' id='word_1_242' title='bbox 964 3427 1018 3477; x_wconf 84' lang='lat' dir='ltr'>tari</span> <span class='ocrx_word' id='word_1_243' title='bbox 1027 3427 1201 3504; x_wconf 74' lang='lat' dir='ltr'>prohibebant</span> <span class='ocrx_word' id='word_1_244' title='bbox 1218 3425 1267 3479; x_wconf 86' lang='lat' dir='ltr'>niai</span> <span class='ocrx_word' id='word_1_245' title='bbox 1285 3425 1349 3497; x_wconf 90' lang='lat' dir='ltr'>quid</span> <span class='ocrx_word' id='word_1_246' title='bbox 1363 3429 1426 3481; x_wconf 88' lang='lat' dir='ltr'>anb-</span> 
     </span>
     <span class='ocr_line' id='line_1_31' title="bbox 218 3490 1425 3565; baseline 0.002 -20"><span class='ocrx_word' id='word_1_247' title='bbox 218 3490 285 3561; x_wconf 88' lang='lat' dir='ltr'>Cap.</span> <span class='ocrx_word' id='word_1_248' title='bbox 298 3496 342 3558; x_wconf 79' lang='lat' dir='ltr'>st,</span> <span class='ocrx_word' id='word_1_249' title='bbox 361 3495 386 3558; x_wconf 63' lang='grc' dir='ltr'>ς.</span> <span class='ocrx_word' id='word_1_250' title='bbox 402 3497 426 3545; x_wconf 83' lang='grc'>9.</span> <span class='ocrx_word' id='word_1_251' title='bbox 461 3500 532 3544; x_wconf 85' lang='lat' dir='ltr'>stata</span> <span class='ocrx_word' id='word_1_252' title='bbox 552 3493 619 3562; x_wconf 81' lang='lat' dir='ltr'>vice]</span> <span class='ocrx_word' id='word_1_253' title='bbox 655 3491 701 3545; x_wconf 87' lang='lat' dir='ltr'>Sic</span> <span class='ocrx_word' id='word_1_254' title='bbox 716 3491 789 3560; x_wconf 78' lang='lat' dir='ltr'>Iun,</span> <span class='ocrx_word' id='word_1_255' title='bbox 824 3498 866 3546; x_wconf 86' lang='lat' dir='ltr'>eat</span> <span class='ocrx_word' id='word_1_256' title='bbox 893 3509 910 3544; x_wconf 91' lang='lat' dir='ltr'>u</span> <span class='ocrx_word' id='word_1_257' title='bbox 961 3510 1017 3546; x_wconf 90' lang='lat' dir='ltr'>non</span> <span class='ocrx_word' id='word_1_258' title='bbox 1026 3493 1180 3564; x_wconf 82' lang='lat' dir='ltr'>mtelligam,</span> <span class='ocrx_word' id='word_1_259' title='bbox 1198 3493 1333 3548; x_wconf 83' lang='lat' dir='ltr'>ridiculam</span> <span class='ocrx_word' id='word_1_260' title='bbox 1347 3504 1425 3565; x_wconf 89' lang='lat' dir='ltr'>puto,</span> 
     </span>
     <span class='ocr_line' id='line_1_32' title="bbox 183 3557 1425 3618; baseline 0.003 -5"><span class='ocrx_word' id='word_1_261' title='bbox 183 3559 290 3613; x_wconf 83' lang='lat' dir='ltr'>Modins</span> <span class='ocrx_word' id='word_1_262' title='bbox 307 3565 337 3612; x_wconf 90' lang='lat' dir='ltr'>et</span> <span class='ocrx_word' id='word_1_263' title='bbox 352 3557 518 3613; x_wconf 82' lang='lat' dir='ltr'>recentiores</span> <span class='ocrx_word' id='word_1_264' title='bbox 531 3560 675 3616; x_wconf 83' lang='lat' dir='ltr'>secundum</span> <span class='ocrx_word' id='word_1_265' title='bbox 727 3577 789 3614; x_wconf 88' lang='lat' dir='ltr'>uooa</span> <span class='ocrx_word' id='word_1_266' title='bbox 824 3577 874 3615; x_wconf 84' lang='lat' dir='ltr'>nec</span> <span class='ocrx_word' id='word_1_267' title='bbox 912 3559 1143 3615; x_wconf 79' lang='lat' dir='ltr'>obmiederianam:</span> <span class='ocrx_word' id='word_1_268' title='bbox 1169 3563 1198 3616; x_wconf 82' lang='lat' dir='ltr'>tr&#39;</span> <span class='ocrx_word' id='word_1_269' title='bbox 1214 3565 1295 3616; x_wconf 68' lang='lat' dir='ltr'>caat</span> <span class='ocrx_word' id='word_1_270' title='bbox 1317 3565 1380 3616; x_wconf 78' lang='lat' dir='ltr'>aaut</span> <span class='ocrx_word' id='word_1_271' title='bbox 1397 3565 1425 3618; x_wconf 81' lang='lat' dir='ltr'>r&#39;a</span> 
     </span>
     <span class='ocr_line' id='line_1_33' title="bbox 184 3577 1426 3701; baseline 0.004 -20"><span class='ocrx_word' id='word_1_272' title='bbox 184 3627 230 3681; x_wconf 85' lang='lat' dir='ltr'>aed</span> <span class='ocrx_word' id='word_1_273' title='bbox 247 3625 362 3698; x_wconf 80' lang='lat' dir='ltr'>optimos</span> <span class='ocrx_word' id='word_1_274' title='bbox 379 3629 457 3681; x_wconf 87' lang='lat' dir='ltr'>codd.</span> <span class='ocrx_word' id='word_1_275' title='bbox 467 3627 583 3700; x_wconf 67' lang='lat' dir='ltr'>borma</span> <span class='ocrx_word' id='word_1_276' title='bbox 598 3577 789 3682; x_wconf 46' lang='lat' dir='ltr'><strong>mmmm·</strong></span> <span class='ocrx_word' id='word_1_277' title='bbox 819 3630 954 3699; x_wconf 62' lang='lat' dir='ltr'>putebant</span> <span class='ocrx_word' id='word_1_278' title='bbox 978 3631 1210 3701; x_wconf 83' lang='lat' dir='ltr'>(quemadmodum</span> <span class='ocrx_word' id='word_1_279' title='bbox 1234 3630 1296 3684; x_wconf 87' lang='lat' dir='ltr'>olim</span> <span class='ocrx_word' id='word_1_280' title='bbox 1317 3631 1365 3686; x_wconf 84' lang='lat' dir='ltr'>blo</span> <span class='ocrx_word' id='word_1_281' title='bbox 1387 3631 1426 3685; x_wconf 89' lang='lat' dir='ltr'>&#39;ua</span> 
     </span>
     <span class='ocr_line' id='line_1_34' title="bbox 183 3693 1426 3768; baseline 0.003 -18"><span class='ocrx_word' id='word_1_282' title='bbox 183 3693 290 3767; x_wconf 85' lang='lat' dir='ltr'>Reliqui</span> <span class='ocrx_word' id='word_1_283' title='bbox 311 3705 420 3750; x_wconf 73' lang='lat' dir='ltr'>statuta.</span> <span class='ocrx_word' id='word_1_284' title='bbox 454 3695 523 3750; x_wconf 81' lang='lat' dir='ltr'>Mox</span> <span class='ocrx_word' id='word_1_285' title='bbox 549 3699 676 3750; x_wconf 78' lang='lat' dir='ltr'>torrentia</span> <span class='ocrx_word' id='word_1_286' title='bbox 699 3696 790 3751; x_wconf 86' lang='lat' dir='ltr'>aubin·</span> <span class='ocrx_word' id='word_1_287' title='bbox 823 3697 956 3767; x_wconf 86' lang='lat' dir='ltr'>voluerat)</span> <span class='ocrx_word' id='word_1_288' title='bbox 975 3701 1036 3752; x_wconf 88' lang='lat' dir='ltr'>dum</span> <span class='ocrx_word' id='word_1_289' title='bbox 1050 3700 1233 3768; x_wconf 85' lang='lat' dir='ltr'>remoraptari</span> <span class='ocrx_word' id='word_1_290' title='bbox 1245 3700 1426 3768; x_wconf 76' lang='lat' dir='ltr'>prohibebant.</span> 
     </span>
     <span class='ocr_line' id='line_1_35' title="bbox 305 3763 1428 3837; baseline 0.004 -20"><span class='ocrx_word' id='word_1_291' title='bbox 305 3763 414 3818; x_wconf 85' lang='lat' dir='ltr'>flumine</span> <span class='ocrx_word' id='word_1_292' title='bbox 427 3763 551 3819; x_wconf 83' lang='lat' dir='ltr'>adiectivi</span> <span class='ocrx_word' id='word_1_293' title='bbox 560 3776 684 3818; x_wconf 83' lang='lat' dir='ltr'>naturam</span> <span class='ocrx_word' id='word_1_294' title='bbox 696 3766 787 3819; x_wconf 80' lang='lat' dir='ltr'>babet</span> <span class='ocrx_word' id='word_1_295' title='bbox 826 3767 1003 3820; x_wconf 71' lang='lat' dir='ltr'>Curredmnt</span> <span class='ocrx_word' id='word_1_296' title='bbox 1020 3769 1127 3836; x_wconf 67' lang='lat' dir='ltr'>quddam</span> <span class='ocrx_word' id='word_1_297' title='bbox 1145 3775 1196 3820; x_wconf 87' lang='lat' dir='ltr'>oet.</span> <span class='ocrx_word' id='word_1_298' title='bbox 1211 3766 1318 3837; x_wconf 82' lang='lat' dir='ltr'>dignam</span> <span class='ocrx_word' id='word_1_299' title='bbox 1336 3767 1428 3821; x_wconf 71' lang='lat' dir='ltr'>edati-</span> 
     </span>
     <span class='ocr_line' id='line_1_36' title="bbox 235 3833 1427 3906; baseline 0.003 -20"><span class='ocrx_word' id='word_1_300' title='bbox 235 3838 301 3886; x_wconf 77' lang='lat'>;10.</span> <span class='ocrx_word' id='word_1_301' title='bbox 334 3833 507 3887; x_wconf 71' lang='lat' dir='ltr'>tuomum</span> <span class='ocrx_word' id='word_1_302' title='bbox 533 3850 606 3887; x_wconf 84' lang='lat' dir='ltr'>mare</span> <span class='ocrx_word' id='word_1_303' title='bbox 632 3844 656 3887; x_wconf 90' lang='lat' dir='ltr'>et</span> <span class='ocrx_word' id='word_1_304' title='bbox 708 3833 738 3888; x_wconf 86' lang='lat' dir='ltr'>Si</span> <span class='ocrx_word' id='word_1_305' title='bbox 764 3844 789 3888; x_wconf 88' lang='lat' dir='ltr'>et</span> <span class='ocrx_word' id='word_1_306' title='bbox 823 3851 877 3900; x_wconf 91' lang='lat' dir='ltr'>mo,</span> <span class='ocrx_word' id='word_1_307' title='bbox 895 3851 964 3906; x_wconf 86' lang='lat' dir='ltr'>quae</span> <span class='ocrx_word' id='word_1_308' title='bbox 981 3835 1119 3889; x_wconf 76' lang='lat' dir='ltr'>refutetur.</span> <span class='ocrx_word' id='word_1_309' title='bbox 1151 3834 1290 3889; x_wconf 87' lang='lat' dir='ltr'>Librorum</span> <span class='ocrx_word' id='word_1_310' title='bbox 1299 3843 1427 3890; x_wconf 84' lang='lat' dir='ltr'>matorum</span> 
     </span>
     <span class='ocr_line' id='line_1_37' title="bbox 205 3900 1427 3975; baseline 0.004 -21"><span class='ocrx_word' id='word_1_311' title='bbox 205 3919 234 3954; x_wconf 86' lang='lat' dir='ltr'>ro</span> <span class='ocrx_word' id='word_1_312' title='bbox 248 3902 327 3954; x_wconf 77' lang='lat' dir='ltr'>etiam</span> <span class='ocrx_word' id='word_1_313' title='bbox 377 3900 458 3954; x_wconf 88' lang='lat' dir='ltr'>situm</span> <span class='ocrx_word' id='word_1_314' title='bbox 471 3917 533 3958; x_wconf 82' lang='lat' dir='ltr'>acce</span> <span class='ocrx_word' id='word_1_315' title='bbox 583 3900 613 3968; x_wconf 87' lang='lat' dir='ltr'>&#39;s,</span> <span class='ocrx_word' id='word_1_316' title='bbox 631 3902 659 3955; x_wconf 88' lang='lat' dir='ltr'>ni</span> <span class='ocrx_word' id='word_1_317' title='bbox 673 3901 789 3974; x_wconf 26' lang='lat' dir='ltr'>&#39;iloffen-</span> <span class='ocrx_word' id='word_1_318' title='bbox 823 3911 886 3956; x_wconf 80' lang='lat' dir='ltr'>aaut</span> <span class='ocrx_word' id='word_1_319' title='bbox 903 3903 1046 3957; x_wconf 82' lang='lat' dir='ltr'>nonnullae</span> <span class='ocrx_word' id='word_1_320' title='bbox 1064 3903 1193 3957; x_wconf 83' lang='lat' dir='ltr'>notabiles</span> <span class='ocrx_word' id='word_1_321' title='bbox 1210 3903 1347 3958; x_wconf 83' lang='lat' dir='ltr'>lectiones:</span> <span class='ocrx_word' id='word_1_322' title='bbox 1370 3904 1427 3975; x_wconf 89' lang='lat' dir='ltr'>pri·</span> 
     </span>
     <span class='ocr_line' id='line_1_38' title="bbox 184 3918 1428 4052; baseline 0.003 -30"><span class='ocrx_word' id='word_1_323' title='bbox 184 3918 232 4022; x_wconf 76' lang='lat' dir='ltr'>det</span> <span class='ocrx_word' id='word_1_324' title='bbox 248 3967 276 4022; x_wconf 91' lang='lat' dir='ltr'>in</span> <span class='ocrx_word' id='word_1_325' title='bbox 292 3985 341 4022; x_wconf 80' lang='lat' dir='ltr'>ver</span> <span class='ocrx_word' id='word_1_326' title='bbox 358 3969 389 4023; x_wconf 87' lang='lat' dir='ltr'>ia.</span> <span class='ocrx_word' id='word_1_327' title='bbox 424 3967 499 4024; x_wconf 86' lang='lat' dir='ltr'>Olim</span> <span class='ocrx_word' id='word_1_328' title='bbox 535 3969 611 4022; x_wconf 83' lang='lat' dir='ltr'>unius</span> <span class='ocrx_word' id='word_1_329' title='bbox 635 3979 789 4025; x_wconf 84' lang='lat' dir='ltr'>correxerat</span> <span class='ocrx_word' id='word_1_330' title='bbox 823 3987 895 4024; x_wconf 86' lang='lat' dir='ltr'>mum</span> <span class='ocrx_word' id='word_1_331' title='bbox 911 3989 962 4042; x_wconf 83' lang='lat' dir='ltr'>pro</span> <span class='ocrx_word' id='word_1_332' title='bbox 980 3974 1085 4025; x_wconf 76' lang='lat' dir='ltr'>u-nt</span> <span class='ocrx_word' id='word_1_333' title='bbox 1103 3971 1224 4052; x_wconf 85' lang='lat' dir='ltr'>plerique</span> <span class='ocrx_word' id='word_1_334' title='bbox 1242 3975 1338 4026; x_wconf 81' lang='lat' dir='ltr'>it-r&#39;r&#39;</span> <span class='ocrx_word' id='word_1_335' title='bbox 1354 3974 1428 4044; x_wconf 90' lang='lat' dir='ltr'>qnod</span> 
     </span>
     <span class='ocr_line' id='line_1_39' title="bbox 186 4036 1426 4111; baseline 0.004 -21"><span class='ocrx_word' id='word_1_336' title='bbox 186 4040 366 4104; x_wconf 78' lang='lat' dir='ltr'>intumescere,</span> <span class='ocrx_word' id='word_1_337' title='bbox 389 4036 499 4092; x_wconf 84' lang='lat' dir='ltr'>Modius</span> <span class='ocrx_word' id='word_1_338' title='bbox 515 4037 690 4108; x_wconf 78' lang='lat' dir='ltr'>Participium</span> <span class='ocrx_word' id='word_1_339' title='bbox 711 4039 789 4092; x_wconf 82' lang='lat' dir='ltr'>reati-</span> <span class='ocrx_word' id='word_1_340' title='bbox 824 4039 1005 4093; x_wconf 75' lang='lat' dir='ltr'>mnoturdum</span> <span class='ocrx_word' id='word_1_341' title='bbox 1031 4039 1195 4106; x_wconf 80' lang='lat' dir='ltr'>exiatrmavi,</span> <span class='ocrx_word' id='word_1_342' title='bbox 1223 4039 1286 4111; x_wconf 85' lang='lat' dir='ltr'>quia</span> <span class='ocrx_word' id='word_1_343' title='bbox 1313 4057 1373 4095; x_wconf 85' lang='lat' dir='ltr'>raro</span> <span class='ocrx_word' id='word_1_344' title='bbox 1399 4040 1426 4095; x_wconf 87' lang='lat' dir='ltr'>in</span> 
     </span>
     <span class='ocr_line' id='line_1_40' title="bbox 186 4103 1426 4230; baseline 0.003 -71"><span class='ocrx_word' id='word_1_345' title='bbox 186 4104 253 4172; x_wconf 88' lang='lat' dir='ltr'>tuit,</span> <span class='ocrx_word' id='word_1_346' title='bbox 277 4103 413 4160; x_wconf 72' lang='lat' dir='ltr'>Acidaliae</span> <span class='ocrx_word' id='word_1_347' title='bbox 435 4106 524 4160; x_wconf 83' lang='lat' dir='ltr'>denuo</span> <span class='ocrx_word' id='word_1_348' title='bbox 542 4105 658 4160; x_wconf 82' lang='lat' dir='ltr'>correxit</span> <span class='ocrx_word' id='word_1_349' title='bbox 679 4110 789 4161; x_wconf 82' lang='lat' dir='ltr'>intume-</span> <span class='ocrx_word' id='word_1_350' title='bbox 823 4108 1038 4230; x_wconf 52' lang='lat' dir='ltr'>hmfflm</span> <span class='ocrx_word' id='word_1_351' title='bbox 1050 4107 1163 4162; x_wconf 84' lang='lat' dir='ltr'>librariis</span> <span class='ocrx_word' id='word_1_352' title='bbox 1179 4117 1312 4179; x_wconf 80' lang='lat' dir='ltr'>peccatur,</span> <span class='ocrx_word' id='word_1_353' title='bbox 1331 4108 1426 4163; x_wconf 89' lang='lat' dir='ltr'>deinde</span> 
     </span>
     <span class='ocr_line' id='line_1_41' title="bbox 185 4173 1426 4244; baseline 0.003 -17"><span class='ocrx_word' id='word_1_354' title='bbox 185 4191 264 4228; x_wconf 83' lang='lat' dir='ltr'>rcere.</span> <span class='ocrx_word' id='word_1_355' title='bbox 299 4173 400 4228; x_wconf 89' lang='lat' dir='ltr'>Verum</span> <span class='ocrx_word' id='word_1_356' title='bbox 422 4173 484 4229; x_wconf 87' lang='lat' dir='ltr'>libri</span> <span class='ocrx_word' id='word_1_357' title='bbox 506 4175 591 4228; x_wconf 83' lang='lat' dir='ltr'>nostri</span> <span class='ocrx_word' id='word_1_358' title='bbox 612 4191 704 4229; x_wconf 82' lang='lat' dir='ltr'>omnes</span> <span class='ocrx_word' id='word_1_359' title='bbox 720 4175 790 4229; x_wconf 87' lang='lat' dir='ltr'>sicut</span> <span class='ocrx_word' id='word_1_360' title='bbox 824 4193 842 4230; x_wconf 88' lang='lat' dir='ltr'>a</span> <span class='ocrx_word' id='word_1_361' title='bbox 931 4177 993 4230; x_wconf 84' lang='lat' dir='ltr'>bant</span> <span class='ocrx_word' id='word_1_362' title='bbox 1011 4177 1166 4244; x_wconf 63' lang='lat' dir='ltr'>etonem,</span> <span class='ocrx_word' id='word_1_363' title='bbox 1185 4196 1202 4231; x_wconf 89' lang='lat' dir='ltr'>u</span> <span class='ocrx_word' id='word_1_364' title='bbox 1238 4179 1353 4232; x_wconf 80' lang='lat' dir='ltr'>licebant</span> <span class='ocrx_word' id='word_1_365' title='bbox 1367 4177 1426 4232; x_wconf 84' lang='lat' dir='ltr'>Pal.</span> 
     </span>
     <span class='ocr_line' id='line_1_42' title="bbox 185 4241 1426 4316; baseline 0.004 -21"><span class='ocrx_word' id='word_1_366' title='bbox 185 4241 256 4296; x_wconf 90' lang='lat' dir='ltr'>edidi</span> <span class='ocrx_word' id='word_1_367' title='bbox 272 4241 407 4310; x_wconf 83' lang='lat' dir='ltr'>exhibent,</span> <span class='ocrx_word' id='word_1_368' title='bbox 431 4259 482 4298; x_wconf 89' lang='lat' dir='ltr'>nec</span> <span class='ocrx_word' id='word_1_369' title='bbox 497 4243 570 4296; x_wconf 80' lang='lat' dir='ltr'>aliud</span> <span class='ocrx_word' id='word_1_370' title='bbox 586 4259 644 4297; x_wconf 83' lang='lat' dir='ltr'>esse</span> <span class='ocrx_word' id='word_1_371' title='bbox 660 4243 688 4297; x_wconf 88' lang='lat' dir='ltr'>in</span> <span class='ocrx_word' id='word_1_372' title='bbox 706 4243 789 4298; x_wconf 84' lang='lat' dir='ltr'>Snak.</span> <span class='ocrx_word' id='word_1_373' title='bbox 826 4252 838 4297; x_wconf 88' lang='lat'>1</span> <span class='ocrx_word' id='word_1_374' title='bbox 883 4261 940 4298; x_wconf 88' lang='lat' dir='ltr'>ern.</span> <span class='ocrx_word' id='word_1_375' title='bbox 955 4245 979 4299; x_wconf 83' lang='lat' dir='ltr'>B</span> <span class='ocrx_word' id='word_1_376' title='bbox 996 4244 1067 4300; x_wconf 86' lang='lat' dir='ltr'>Flor.</span> <span class='ocrx_word' id='word_1_377' title='bbox 1083 4245 1147 4310; x_wconf 71' lang='grc' dir='ltr'>ΡΗ,</span> <span class='ocrx_word' id='word_1_378' title='bbox 1165 4247 1296 4316; x_wconf 81' lang='lat' dir='ltr'>petebant</span> <span class='ocrx_word' id='word_1_379' title='bbox 1313 4245 1384 4300; x_wconf 85' lang='lat' dir='ltr'>Flor.</span> <span class='ocrx_word' id='word_1_380' title='bbox 1400 4246 1426 4300; x_wconf 93' lang='lat' dir='ltr'><strong>G</strong></span> 
     </span>
     <span class='ocr_line' id='line_1_43' title="bbox 185 4311 1427 4454; baseline 0.006 -22"><span class='ocrx_word' id='word_1_381' title='bbox 185 4311 608 4436; x_wconf 57' lang='lat' dir='ltr'>lbss&#39;tql&#39;lqt&#39;ldnfflb‘fflm</span> <span class='ocrx_word' id='word_1_382' title='bbox 626 4312 789 4367; x_wconf 41' lang='grc' dir='ltr'>ΜΝ</span> <span class='ocrx_word' id='word_1_383' title='bbox 824 4313 954 4436; x_wconf 63' lang='lat' dir='ltr'>vibit</span> <span class='ocrx_word' id='word_1_384' title='bbox 972 4313 1030 4454; x_wconf 66' lang='grc' dir='ltr'>ῗὲἶ</span> <span class='ocrx_word' id='word_1_385' title='bbox 1045 4315 1427 4439; x_wconf 63' lang='lat' dir='ltr'>tttttlt&#39;tdt‘tt</span> 
     </span>
     <span class='ocr_line' id='line_1_44' title="bbox 221 4399 920 4520; baseline 0.003 -18"><span class='ocrx_word' id='word_1_386' title='bbox 221 4449 295 4516; x_wconf 68' lang='lat'>§.12</span> <span class='ocrx_word' id='word_1_387' title='bbox 329 4450 356 4502; x_wconf 79' lang='lat' dir='ltr'>u·</span> <span class='ocrx_word' id='word_1_388' title='bbox 373 4452 435 4502; x_wconf 85' lang='lat' dir='ltr'>dum</span> <span class='ocrx_word' id='word_1_389' title='bbox 455 4467 540 4504; x_wconf 82' lang='lat' dir='ltr'>remor</span> <span class='ocrx_word' id='word_1_390' title='bbox 558 4451 648 4520; x_wconf 82' lang='lat' dir='ltr'>aptari</span> <span class='ocrx_word' id='word_1_391' title='bbox 664 4451 789 4520; x_wconf 81' lang='lat' dir='ltr'>probibe-</span> <span class='ocrx_word' id='word_1_392' title='bbox 819 4399 920 4504; x_wconf 63' lang='lat' dir='ltr'>inveni.</span> 
     </span>
    </p>
   </div>
   <div class='ocr_carea' id='block_1_6' title="bbox 0 0 1641 5120">
    <p class='ocr_par' dir='ltr' id='par_1_10' title="bbox 0 0 1641 5120">
     <span class='ocr_line' id='line_1_45' title="bbox 0 0 1641 5120; baseline 0 0"><span class='ocrx_word' id='word_1_393' title='bbox 0 0 1641 5120; x_wconf 95' lang='lat' dir='ltr'> </span> 
     </span>
    </p>
   </div>
  </div>
 </body>
</html>
