3336 5066
186 291 260 363 174
681 307 714 372 o.
741 306 865 360 cusru
881 307 976 360 nun

183 487 319 561 denarii
353 487 493 562 tributi:
528 492 734 591 peregrinus
761 519 869 593 eques
904 493 1102 592 quingenos
1129 491 1281 588 aooepit,
1317 485 1421 562 duee·

183 623 251 672 nos
278 596 398 696 pedes,
426 603 535 677 deteri
561 605 776 703 stipendium
802 604 913 678 duum
939 628 1112 675 mensum.

134 714 155 783 t
287 707 353 784 His
379 712 431 786 ita
456 717 672 813 compositis,
698 716 734 786 in
760 715 951 810 regionem,
977 736 1069 808 quae
1096 708 1294 807 Satrapene
1319 734 1424 782 voca·
1442 725 1477 774 1L

185 831 260 914 tur,
296 827 469 922 pervenit
521 826 660 898 Fertilis
692 836 805 912 terre,
840 823 943 920 copia
978 847 1098 896 rerum
1129 831 1165 894 et
1198 822 1295 894 omni
1331 847 1424 892 com-

185 947 306 1009 meatu
342 937 540 1010 abundans.
591 935 714 1030 Itaque
749 931 881 1006 diutius
913 934 963 1007 ibi
988 934 1166 1025 substitit,
1193 958 1235 1006 aa
1262 959 1307 1006 ne
1334 931 1458 1004 desi-2

186 1044 251 1119 des
285 1049 360 1120 otio
399 1046 630 1119 demitterent
667 1045 819 1136 animos,
860 1040 993 1119 iudices
1035 1045 1153 1136 dedit,
1197 1045 1427 1144 praemiaque

184 1155 374 1254 proposuit
400 1153 446 1228 de
471 1157 605 1227 virtute
630 1157 772 1228 militari
798 1156 1028 1231 certantibus.
1080 1154 1237 1247 Novem,
1270 1157 1331 1254 qui
1357 1157 1460 1228 for-s

186 1265 313 1338 tissimi
347 1265 492 1338 iudicati
524 1279 660 1356 essent,
692 1269 837 1366 singulis
872 1268 1024 1340 militum
1054 1267 1197 1340 milibus
1230 1267 1429 1364 praefuturi

187 1386 300 1468 orant,
316 1375 533 1452 Chiliarches
560 1380 848 1471 vocabanttunc
873 1381 1027 1478 primum
1053 1379 1090 1453 in
1116 1380 1212 1454 huno
1237 1402 1428 1451 nnmerum

187 1488 297 1586 copiis
324 1488 539 1564 distributis:
565 1516 718 1588 namque
751 1503 857 1564 antea
882 1491 1136 1591 quingenariae
1161 1491 1328 1565 cohortes
1354 1488 1427 1560 fue·

186 1611 286 1691 rant,
320 1625 398 1673 neo.
419 1598 637 1674 fortitudinis
670 1603 827 1699 praemia
859 1615 1056 1700 gesserant
1116 1601 1249 1702 Ingens
1275 1601 1464 1674 militamt

187 1710 296 1783 turba
314 1723 541 1802 convenerat,
556 1713 699 1809 egregio
725 1713 937 1784 interfutura
962 1715 1157 1804 certamini,
1172 1714 1275 1786 testis
1301 1709 1429 1785 eadem

188 1819 359 1918 cuiusque
384 1820 561 1894 fastorum
574 1831 611 1893 et
624 1821 669 1896 de
694 1819 869 1895 iudicibus
895 1823 1014 1896 lature
1039 1825 1270 1897 sententiam:
1297 1822 1430 1920 quippe

178 1939 324 2014 'verone
349 1957 396 2005 au
421 1931 511 2004 falso
538 1932 653 2006 honos
680 1936 804 2031 cuique
830 1935 1038 2026 baberetur,
1073 1935 1230 2033 ignorari
1264 1959 1339 2006 non
1366 1957 1429 2030 po-

188 2051 293 2118 terat
332 2043 473 2118 Primus
500 2043 660 2120 omnium
685 2045 827 2118 virtutis
853 2071 971 2158 eausa·
987 2045 1143 2120 donatus
1170 2052 1227 2120 est
1238 2044 1464 2120 Atharries⁵

187 2209 263 2264 Leid.
281 2214 357 2265 Voss.
375 2219 399 2266 1.
430 2211 480 2264 His
518 2212 605 2266 uidem
621 2210 792 2266 varietatibus
860 2217 885 2279 s.
903 2218 927 2266 2.
963 2215 1122 2268 denittermt
1139 2215 1252 2282 animm]
1276 2210 1351 2266 Libri
1368 2207 1431 2263 meti

188 2277 254 2333 nibil
279 2279 395 2333 eflicitur
417 2279 466 2333 uisi
490 2229 568 2346 idue,
592 2299 707 2334 mensum
729 2280 792 2334 olim
825 2290 854 2334 et
879 2279 962 2335 nostri
985 2290 1015 2335 et
1039 2281 1122 2335 Snak.
1148 2298 1239 2336 omnes
1263 2281 1440 2355 dimitterent,

189 2365 246 2402 neu·
261 2347 341 2401 fuisse
358 2365 408 2420 pro
431 2347 569 2419 participio
590 2348 723 2415 hobitum,
746 2349 792 2402 sed
824 2360 854 2402 et
870 2349 908 2402 sio
923 2347 987 2404 olim
1004 2360 1068 2403 ante
1084 2349 1189 2404 Iunium
1207 2351 1345 2404 edebatur.
1378 2347 1431 2401 aa·

188 2433 239 2486 pro
257 2416 374 2486 genitivo
398 2415 465 2488 plur.
492 2417 566 2470 vocis
583 2420 687 2471 niensis.
722 2417 791 2470 Nem
825 2419 885 2472 dem
902 2436 944 2472 res
960 2426 1003 2472 est
1015 2419 1092 2488 'apud
1109 2418 1164 2472 cte
1183 2418 1211 2472 in
1230 2421 1305 2472 Verr.
1323 2431 1359 2482 11,
1387 2422 1431 2481 80,

188 2501 250 2540 eum
266 2502 356 2539 esuum
374 2503 456 2556 seque
472 2488 599 2540 mustum
622 2481 662 2540 eo‘
677 2504 792 2540 inensam
827 2493 874 2552 74,
898 2494 1072 2557 notamusque
1098 2488 1170 2558 spud
1189 2486 1252 2542 -Cie
1270 2487 1305 2539 de
1323 2485 1382 2538 Fin.
1401 2498 1430 2550 v,

188 2553 267 2608 fuisse
294 2563 416 2620 constet,
452 2553 506 2608 rid.
533 2553 613 2610 Cour.
640 2554 791 2610 Schneider-i
827 2562 877 2621 1⁵,
895 2561 927 2608 42
946 2555 1063 2610 codicem
1082 2555 1190 2609 Vratisl.
1209 2573 1261 2610 non
1278 2555 1381 2608 animos
1399 2569 1431 2604 ue

189 2640 299 2692 qurum
317 2623 376 2677 Lat
394 2641 420 2694 p.
439 2630 498 2677 244.
533 2623 590 2678 Iam
608 2641 670 2680 vem
688 2623 710 2677 si
727 2623 793 2678 Dio·
826 2626 960 2678 demittunt
986 2625 1034 2678 sed¹
1064 2625 1196 2678 dimittunt
1225 2625 1331 2678 habere

75 2729 83 2744 .
190 2691 248 2744 dori
266 2693 346 2746 verm
363 2706 439 2757 xvrr,
459 2699 492 2746 64
509 2693 640 2760 ωιιίοηε,
658 2709 710 2763 quo
728 2691 792 2745 illud
825 2710 901 2746 nemo
919 2701 1007 2746 temen
1026 2710 1042 2746 s
1059 2691 1288 2814 ruiqeriomuium
1297 2691 1431 2744 editorum

190 2758 324 2831 pertineat
334 2759 404 2814 clare
414 2760 533 2814 ridebis:
552 2765 581 2812 tu
600 2759 630 2813 δὲ
647 2767 707 2814 τῶν
722 2758 792 2830 inq·
824 2761 917 2832 regule
933 2761 1065 2816 deoedere,
1077 2779 1111 2814 vo
1122 2759 1199 2814 uerit
1222 2761 1359 2826 deserv,
1370 2767 1395 2826 t,
1406 2765 1431 2812 t.

191 2829 308 2880 θέντων
333 2829 485 2900 χρημάτων
514 2835 575 2882 τῶν
602 2835 655 2897 μὲν
682 2827 792 2881 ἱππέων

192 2896 301 2962 ἑκάστῳ
328 2898 358 2958 ἓξ
383 2903 456 2964 μνᾶς
474 2893 650 2971 ἐδωρήσατο,
675 2904 734 2950 τῶν
762 2894 792 2948 δὲ
860 2868 884 2930 §¹
902 2870 927 2918 3¹
963 2873 1023 2917 ωηο
1046 2864 1166 2944 »Primum
1197 2880 1246 2936 pm
1278 2860 1349 2914 ml·
1378 2871 1430 2913 mm

821 2937 936 3003 primum
954 2949 988 2985 ex
1005 2931 1080 2984 Lerd.
1098 2931 1198 2985 vesal
1219 2932 1300 2985 Bern.
1358 2929 1432 2983 Flor.

191 3029 533 3174 antistatis
551 2987 793 3171 trieben
817 2999 1434 3141 ttrttbdtbdtstttttts

192 3169 276 3224 Exiis
286 3171 502 3250 Cunziusiocum
518 3181 636 3226 nostrum
653 3171 690 3226 sie
706 3187 793 3252 emen·
827 3155 896 3260 'vagg
910 3137 1109 3260 Ἔωὼιῗὲἓξὶω
1151 3145 1240 3257 meter
1262 3137 1345 3256 Bam·
1362 3135 1386 3188 B
1406 3141 1435 3186 et

193 3239 309 3292 dandum
332 3249 447 3294 oeneurt:
473 3243 585 3295 ducenos
598 3243 679 3310 pedes
698 3239 794 3308 (intell.
897 3247 905 3259 '
1183 3223 1218 3276 ἕο
1236 3222 1285 3318 Μ.
1307 3245 1321 3317 ‚⁰

192 3308 316 3378 aceepit),
325 3311 502 3388 quercetanus
511 3312 668 3381 stipendium
680 3327 795 3381 megetiam
863 3313 887 3375 s.
901 3313 926 3362 5.
944 3309 1089 3388 Attum-ios
1106 3323 1199 3360 verum
1215 3307 1328 3361 bommrs
1339 3322 1435 3386 nomen

193 3389 225 3428 11.
266 3376 395 3446 Equidem
419 3379 498 3430 deson
525 3397 655 3444 mensum,
683 3393 795 3447 eumque
829 3393 885 3430 esse
903 3384 979 3446 petet
996 3391 1030 3428 ex
1047 3375 1115 3429 bbro
1133 3389 1197 3441 vrrs,
1207 3383 1233 3443 4,
1243 3382 1287 3441 36,
1306 3376 1351 3428 ubr
1369 3389 1435 3427 serr-

191 2967 347 3032 συμμάχων
364 2971 457 3026 πέντε,
468 2971 530 3026 τῶν
548 2963 605 3020 δ’ἐκ
621 2972 670 3022 r‘s
684 2963 791 3037 φάλαγ-

194 3443 240 3496 vix
257 3443 392 3498 rideretur
417 3449 593 3502 mercenarius
617 3465 651 3500 ex
675 3461 707 3500 eo
744 3445 796 3498 uod
829 3445 902 3498 bitur
920 3445 1026 3515 quidem
1043 3441 1154 3564 simqliei
1167 3443 1434 3508 litterersttturios,

194 3521 237 3566 est
259 3515 339 3568 trium
361 3512 430 3566 effici
455 3531 549 3584 posse,
581 3517 659 3568 ceteri
684 3513 732 3568 seri
768 3529 796 3566 re
830 3513 876 3568 sed
901 3511 929 3566 in
955 3511 1062 3582 optimis
1108 3511 1161 3564 bris
1188 3511 1330 3582 gemineta.
1375 3509 1437 3564 Hos

194 3580 284 3647 malui,
303 3583 373 3652 quod
391 3581 447 3635 siue
464 3583 546 3638 dubio
564 3583 671 3654 propius
682 3584 716 3638 sd
724 3581 796 3636 titte-
830 3590 918 3635 sutem
944 3579 1003 3634 loeo
1035 3580 1188 3634 Adorctios
1217 3579 1298 3648 vulgo
1333 3577 1436 3645 editum

195 3667 239 3702 res
257 3649 366 3703 secedit.
831 3648 889 3702 libri
909 3649 1076 3714 Adturrr‘os,
1103 3649 1282 3714 Adon-idias,
1306 3648 1436 3711 Adamas,

230 3716 297 3789 Cep.
317 3726 341 3784 t,
360 3723 382 3788 §.
403 3726 426 3773 l.
461 3739 527 3790 quoe
555 3723 700 3791 Satrapens
722 3739 796 3774 noco-
832 3720 973 3780 Attureus,
1000 3718 1141 3781 Adurroe,
1165 3717 1295 3769 Adortus.
1333 3715 1436 3767 Verum

195 3787 268 3908 turq)
286 3787 361 3840 Haec
387 3798 445 3844 eret
471 3787 526 3841 sine
551 3789 631 3843 dubio
658 3792 796 3854 Sittacene,
829 3787 900 3840 idem
917 3783 1022 3838 videtur
1044 3799 1101 3836 esse
1119 3783 1164 3853 qui
1181 3797 1227 3852 vr,
1246 3782 1325 3836 tel-in
1342 3782 1436 3852 pleris-

194 3855 216 3908 si
271 3853 354 3909 iodon'
380 3857 531 3912 testimonio
559 3856 666 3912 utimur.
709 3857 796 3910 Etisrn
831 3871 882 3926 que
900 3851 972 3906 libris
988 3850 1437 3916 est.ttor·rus,innonnultisztttu-

195 3923 295 3978 Strabo
327 3923 372 3978 lib.
395 3941 448 3979 xvr
478 3943 505 3996 p.
533 3933 581 3980 744
611 3925 628 3992 ἡ
655 3925 796 3989 Seresque>
831 3939 900 3986 reus,
919 3919 1016 3992 quique
1029 3925 1107 4000 v11,1
1129 3921 1435 3988 Apton'os‚Affom'us,

195 3990 286 4056 πολλή
305 4012 336 4044 τε
354 4000 401 4045 καὶ
420 3995 515 4066 ἀγαθὴ
538 4000 606 4061 μέση
625 3992 798 4060 Βαβυλῶνος
831 3991 959 4054 Asarius,
984 3991 1135 4067 Asamus,
1153 3989 1308 4056 Aphareus,
1328 3989 1436 4054 Aptar-

195 4065 327 4113 τέτακται
350 4067 396 4114 καὶ
415 4059 568 4124 Σουσίδος,
599 4060 672 4116 oi'ore
691 4068 750 4117 τοῖς
768 4066 797 4112 ἐκ
831 4057 1189 4123 rios,Adorrosser1b1tur.
1224 4054 1346 4106 Eundem
1364 4055 1436 4124 apud

196 4125 371 4195 Βαβυλῶνος
397 4133 434 4187 eis
458 4138 556 4186 Σοῦσα
580 4128 728 4198 βαδίζουσι
750 4127 797 4182 διὰ
830 4127 964 4182 Plutarch.
989 4126 1022 4177 de
1046 4123 1123 4178 Alex.
1150 4122 1210 4174 sort.
1229 4130 1295 4176 oret
1314 4138 1351 4190 Π,
1375 4139 1398 4174 c.
1420 4131 1433 4175 t

196 4203 245 4260 '⁰2⁶
263 4201 423 4262 Σιτακηνῆς
440 4199 456 4265 ἡ
476 4197 543 4256 ὁδὸς
561 4199 666 4252 ἅπασα.
699 4203 796 4251 Verum
830 4194 951 4258 invenio,
986 4191 1031 4244 ubi
1061 4207 1132 4243 nune
1157 4189 1265 4310 quidem
1294 4188 1435 4269 est‘cittci

196 4267 320 4318 adversus
338 4266 418 4320 libros
435 4268 464 4322 in
481 4285 513 4322 eo
531 4268 634 4322 nomine
649 4275 797 4322 constantes
834 4265 953 4332 Ταρῤίασ
977 4264 1040 4328 μὲν,
1065 4259 1113 4312 sed
1138 4275 1164 4312 vr
1183 4267 1244 4311 etur
1269 4258 1347 4311 fuisse
1374 4256 1432 4310 ἀλλ’

196 4334 328 4456 ἓοῶξὶἒθτε
346 4335 450 4390 difficile
467 4347 517 4390 est.
551 4335 642 4390 Iunius
665 4337 797 4402 Atropene
827 4331 985 4402 Ἀθαρῤίας.

249 4423 258 4455 1
