3336 5066
579 350 630 402 na
657 349 785 402 onsrrs
812 350 921 400 max.
948 349 999 419 vr,
1020 347 1060 398 ra.
1371 329 1444 400 249
1540 427 1557 436 ..
1614 391 1618 398 .

174 556 184 566 '¹
198 554 283 604 nam
317 529 424 603 laeva
455 558 539 631 pars
571 532 618 606 ad
645 543 772 630 pectus
798 541 855 604 est
880 529 993 619 nuda,
1026 541 1146 604 cetera
1171 531 1300 607 deinde
1326 532 1445 604 velan-

200 655 271 714 tur.
325 637 399 717 Neo
433 653 555 717 tamen
582 643 683 716 sinus
709 641 840 728 vestis,
877 664 984 738 quem
1018 639 1115 714 nodo
1142 643 1328 740 eolligunt,
1354 643 1447 716 infra

145 769 181 818 2⁸
199 775 320 848 genua
345 751 540 827 deseendit.
593 753 723 827 Altera
747 751 881 851 papilla
906 751 1042 826 intaeta
1068 764 1248 845 servatur,
1276 777 1347 852 qua
1372 779 1447 825 mu·

198 861 320 938 liebris
347 887 458 936 sexus
484 861 616 937 liberos
643 865 753 952 alant,
780 861 945 935 aduritur
970 861 1140 954 dextera,
1168 875 1209 938 ut
1235 889 1338 938 arcus
1364 863 1445 934 faei-

145 989 180 1038 as
199 971 267 1046 lius
295 970 495 1065 intendant,
521 985 559 1047 et
584 975 659 1046 tela
684 973 838 1046 vibrent.
881 972 1049 1048 Interrito
1076 975 1180 1047 vultu
1205 999 1328 1073 regem
1354 972 1444 1046 Tha·

198 1082 316 1156 lestris
340 1081 560 1172 intuebatur,
587 1083 752 1157 habitum
779 1086 855 1158 eius
881 1083 1158 1182 haudquaquam
1184 1109 1304 1159 rerum
1329 1084 1444 1156 famae

196 1215 323 1288 parem
349 1193 461 1267 oeulis
487 1193 723 1291 perlustrans.
758 1191 899 1293 Quippe
926 1195 1092 1268 omnibus
1117 1196 1280 1270 barbaris
1306 1195 1343 1267 in
1369 1215 1445 1264 cor·

197 1327 327 1398 porum
351 1304 540 1377 maiestate
566 1305 753 1378 veneratio
780 1316 852 1396 est,
887 1330 1170 1404 magnorumque
1196 1327 1345 1404 operum
1370 1325 1443 1374 non

197 1413 286 1488 alios
313 1439 464 1512 oapaoes
490 1423 637 1512 putant,
669 1440 778 1513 quam
804 1440 895 1512 quos
923 1417 1054 1490 eximia
1079 1417 1198 1515 speeie
1223 1417 1358 1490 donare
1383 1437 1443 1485 na·

143 1540 180 1590 so
197 1533 280 1617 turp
304 1523 455 1622 dignata
480 1535 545 1598 est
599 1521 770 1600 Ceterum
795 1527 1025 1623 interrogata,
1052 1552 1139 1600 num
1165 1524 1298 1624 aliquid
1322 1533 1445 1625 petere

198 1636 317 1724 vellet,
344 1633 444 1707 haud
470 1633 652 1709 dubitavit
677 1637 797 1726 fateri,
833 1635 880 1710 ad
906 1637 1219 1711 communicandos
1253 1663 1334 1711 oum
1359 1659 1445 1730 rege

175 1744 330 1818 liberos
365 1769 405 1818 se
439 1746 599 1820 venisse:
636 1745 798 1845 dignam,
830 1772 877 1820 ex
909 1773 982 1846 qua
1014 1749 1092 1846 ipso
1124 1749 1225 1846 regni
1256 1753 1445 1846 generaret
1565 1777 1570 1784 ·

198 1853 359 1947 heredes.
390 1855 569 1930 -Feminini
594 1881 706 1931 sexus
733 1881 772 1930 se
798 1869 1040 1949 retenturam,
1064 1883 1200 1932 marem
1223 1857 1444 1932 reddituram

143 1983 177 2032 81
197 1967 302 2064 patri.
355 1966 580 2060 Alexander,
613 1992 661 2039 an
689 1967 876 2066 cumipse
902 1969 1054 2043 militme
1082 1971 1200 2060 vellet,
1226 1971 1440 2066 interrogat:

198 2085 237 2148 et
260 2077 336 2166 illa,
357 2087 506 2152 causata
532 2079 608 2152 sine
635 2076 785 2152 custode
811 2104 964 2179 regnum
989 2079 1183 2177 reliquisse,
1217 2089 1340 2178 petere
1365 2102 1443 2176 per·
1544 2087 1549 2094 “

143 2187 405 2279 asseverabat,
437 2214 484 2262 ne
516 2213 557 2262 se
589 2190 729 2262 irritam
762 2191 838 2288 spei
872 2191 971 2264 abire
998 2200 1190 2290 pateretur.
1242 2190 1371 2263 Aerior
1396 2185 1443 2259 ad

196 2295 379 2372 Venerem
403 2300 557 2377 feminae
582 2300 725 2398 cupido,
753 2325 862 2398 quam
887 2301 998 2399 regis,
1030 2313 1073 2376 ut
1097 2300 1334 2401 paucosdies
1360 2296 1441 2370 sub·

199 2409 352 2500 sisteret,
366 2409 532 2512 perpulit.
570 2433 640 2484 xm
660 2411 786 2486 diesin
804 2412 1016 2510 obsequium
1031 2410 1196 2486 desiderii
1211 2411 1286 2485 eius
1300 2409 1439 2482 absmn-

198 2519 251 2619 pti
261 2532 355 2594 sunt
400 2521 494 2596 Tum
515 2523 577 2595 illa
592 2547 745 2621 regnum
767 2547 882 2612 suum,
911 2547 977 2596 rex
996 2521 1214 2596 Parthienen
1229 2522 1442 2618 petivenmt„

143 2647 189 2695 vt
300 2629 370 2706 Hie
397 2647 484 2707 vero
510 2633 630 2733 palam
663 2631 879 2730 cupiditates
906 2659 989 2710 suas
1017 2634 1140 2722 solvit,
1175 2629 1493 2705 continentiam-20

199 2765 269 2838 que
296 2753 333 2814 et
359 2741 661 2834 moderationem,
688 2745 725 2816 in
751 2745 924 2817 altissima
950 2769 1091 2842 quaque
1117 2746 1262 2816 fortuna
1288 2742 1441 2816 eminen-

163 2851 249 2925 etia
275 2853 381 2946 bona,
406 2854 445 2928 in
472 2855 679 2953 superbiam
705 2881 747 2928 aa
773 2855 956 2927 lasciviam
983 2856 1102 2928 vertit.
1153 2852 1296 2926 Patrios
1322 2873 1439 2924 mores

199 2960 491 3064 disciplinamque
512 2963 752 3040 Macedonum
777 2991 903 3064 regum
930 2967 1120 3040 salubriter
1147 2973 1382 3063 temperatam
1407 2971 1445 3035 et

199 3074 339 3148 civilem
363 3075 527 3148 habitum
541 3077 655 3149 'velut
680 3076 818 3149 leviora
843 3077 1088 3175 magnitudine
1115 3101 1181 3148 sua
1202 3072 1347 3163 ducens,
1361 3073 1444 3147 Per·

200 3185 293 3258 sicae
325 3187 445 3284 regiae
478 3211 543 3285 par
579 3185 731 3261 deorum
763 3188 945 3284 potentiae
981 3187 1163 3285 fastigium
1189 3183 1443 3260 aemulabatur.

200 3417 263 3472 teris
282 3418 463 3487 daoemmus,
489 3420 523 3474 de
541 3419 637 3491 qmbus
654 3421 716 3474 vide
733 3420 809 3474 Rud-
843 3421 909 3475 lllox
927 3423 1000 3474 abire
1014 3429 1159 3492 pateretur,
1178 3420 1228 3473 hoe
1244 3415 1336 3472 ordine
1350 3417 1444 3471 verbo-

200 3485 353 3542 dimannum
372 3487 450 3543 Tam.
468 3502 481 3542 1
498 3507 524 3560 p
543 3496 575 3544 5³
594 3488 699 3562 parcius
717 3495 807 3544 mmeu
843 3490 1043 3556 mm,Modiana
1051 3489 1115 3544 edit.
1132 3496 1259 3542 etomnes
1268 3485 1444 3540 ooddnostri.

201 3570 280 3624 quam
303 3555 371 3610 solet
399 3556 592 3629 dispumutem,
627 3557 724 3612 Dativi
757 3568 807 3612 toto
842 3559 932 3629 Vulgo
944 3569 1002 3628 pot.
1021 3561 1102 3612 abire.

200 3621 281 3703 babes
311 3623 436 3679 idoneum
472 3635 606 3681 auctorem
637 3625 808 3697 Propertium
877 3630 900 3696 ξ.
913 3634 955 3682 32.
974 3646 1052 3698 qaam
1068 3628 1149 3748 repis,
1167 3626 1213 3748 aa&
1225 3623 1348 3704 Plerique
1366 3623 1442 3676 codd.

199 3689 596 3762 hb.m,11,⁵r(1v,11ar
623 3693 745 3762 Laohm.)
768 3713 809 3749 aa·
842 3713 874 3748 uc
891 3708 933 3761 ut,
960 3697 1039 3767 pauci
1062 3696 1096 3764 (F
1107 3693 1186 3748 oaC
1216 3698 1226 3758 )
1249 3703 1280 3746 ut
1301 3692 1364 3746 olrm
1380 3699 1442 3744 ante

194 3770 267 3830 ptem
284 3762 362 3816 urbes
379 3765 437 3817 alta
455 3764 536 3833 lupia,
555 3773 632 3818 toto
646 3781 715 3833 quoa
725 3781 807 3834 prae-
841 3765 945 3817 lunium
970 3766 1112 3826 edebatur,
1142 3772 1172 3817 ot
1198 3771 1234 3816 at.
1282 3759 1384 3815 Vitium
1409 3776 1444 3812 ex

199 3829 265 3882 ridet
289 3831 380 3898 orbi,
408 3830 443 3885 as.
475 3831 510 3885 ad
539 3847 600 3886 eum
626 3831 715 3886 loeum
739 3847 808 3904 quae
843 3829 1029 3915 darroypapt'q
1047 3842 1136 3888 ortum
1158 3839 1288 3903 putemne
1323 3828 1389 3883 Mox
1407 3829 1442 3880 ad

198 3894 368 3952 Burmannus
385 3899 495 3966 notant,
513 3908 542 3953 et
558 3899 695 3954 laudatam
713 3902 746 3955 ab
762 3899 808 3956 illo
841 3903 950 3954 verbum
973 3905 1021 3954 alla
1047 3919 1127 3954 manu
1149 3899 1297 3954 recentiore
1314 3913 1394 3968 super
1412 3896 1442 3948 li-

199 3963 337 4020 Darisium
353 3968 389 4021 ad
405 3966 553 4022 Minucium
569 3967 686 4023 Feliaem
703 3986 727 4023 a.
748 3978 788 4023 ll.
840 3987 916 4022 neam
934 3970 1053 4022 additum
1071 3969 1169 4040 legitur
1186 3968 1211 4021 in
1225 3967 1339 4023 Benad
1349 3970 1443 4036 (quem

233 4037 311 4102 §.aa
329 4037 448 4091 mnibus
467 4037 606 4106 barbaria}
619 4036 695 4091 Inbri
712 4037 805 4108 optimi
840 4039 953 4092 eundem
975 4055 1032 4092 esse
1058 4055 1089 4092 ae
1116 4035 1299 4091 Danielianum
1325 4052 1385 4088 eum
1407 4050 1442 4087 ax

199 4101 296 4171 Medii,
323 4103 398 4158 Leid.
417 4105 495 4160 Voss.
516 4113 527 4158 1
547 4105 629 4160 Bern.
646 4107 671 4160 B
689 4105 761 4176 Flor.
779 4108 806 4160 A
840 4106 897 4160 aliis
915 4107 1077 4178 argumentis
1095 4115 1152 4160 tum
1169 4103 1285 4174 hoeipso
1299 4105 1440 4173 agnoscas)

198 4169 275 4226 Bou
292 4171 331 4226 sie
349 4173 492 4244 exhibeat,
516 4191 576 4228 eum
601 4173 684 4246 vulgo
711 4175 806 4229 edatur
835 4185 896 4245 post
915 4193 976 4230 uum
994 4186 1066 4229 utero
1083 4192 1112 4230 ae
1128 4175 1286 4228 tabernam
1306 4173 1363 4226 erit.
1381 4171 1441 4224 Ma·

198 4241 345 4295 luminibus
382 4243 505 4297 borbat-ta
539 4243 659 4314 quaesita
692 4245 805 4315 quadam
840 4243 880 4314 gis
930 4243 1002 4298 atina
1020 4244 1135 4298 lustinus
1156 4261 1172 4296 a
1194 4240 1273 4314 quoi
1309 4248 1441 4311 sumptum
1529 4287 1533 4294 .

199 4307 225 4360 el
258 4309 341 4376 antia,
359 4311 406 4364 aad
423 4329 477 4365 non
494 4327 580 4392 aeque
597 4313 753 4385 ἱστορικαῖς.
840 4321 895 4377 est,
914 4327 975 4379 xn,
1001 4320 1016 4367 3
1040 4315 1070 4368 ob
1088 4316 1134 4367 loc
1151 4325 1208 4366 xrrr
1226 4311 1316 4364 dietas
1342 4327 1360 4362 o
1381 4325 1441 4388 repe

249 4385 317 4432 .81.
353 4389 377 4432 et
395 4381 456 4451 illa]
485 4390 514 4433 at
532 4383 580 4434 alta
598 4380 671 4435 Flor.
690 4380 806 4435 DEFHI
841 4384 920 4449 (lautis,
940 4393 967 4436 ut
987 4385 1043 4437 uisa
1062 4393 1099 4437 est
1117 4392 1216 4437 uterum
1235 4381 1363 4449 implesse,
1386 4380 1441 4430 dre-

200 4444 281 4500 Beru.
299 4447 322 4502 B
341 4446 399 4504 Pal.
420 4455 432 4502 1
452 4459 481 4504 et
498 4465 533 4504 ex
550 4459 660 4504 correct
678 4449 751 4504 Flor.
771 4449 805 4504 G.
841 4453 927 4504 cessit.
