3324 5054
580 313 632 364 ns
660 313 923 366 casrrsatsx.
950 309 1054 382 rv,³r.
1367 293 1439 362 115

190 499 389 572 multorum
415 498 632 572 torrentium
656 522 731 570 non
757 519 869 590 equas
897 495 1024 584 solum,
1045 491 1110 566 sed
1136 494 1244 566 etiam
1269 518 1359 566 saxa
1385 518 1437 566 se·

192 634 277 682 cum
303 607 460 682 trahens.
505 608 632 703 Itaque
659 632 682 678 a
708 605 899 695 celeritate,
926 629 998 701 qua
1024 603 1158 692 defluit,
1185 600 1283 700 Tigri
1309 630 1439 679 nomen

134 771 138 776 ,
193 731 253 794 est
277 719 446 808 inditum,
473 719 557 814 quia
583 715 730 788 Persica
754 715 877 814 lingua
903 713 1027 814 Tigrin
1053 715 1222 810 sagittam
1247 712 1437 812 appellant

140 851 173 896 rr
299 831 413 930 Igitur
439 828 561 926 pedes,
589 829 690 901 velut
716 825 852 905 divisus
878 827 915 896 in
942 851 1084 914 cornua,
1099 823 1318 899 circumdato
1345 825 1489 922 equi·38

195 953 287 1034 tatu,
312 941 441 1014 levatis
468 965 577 1039 super
604 939 723 1037 capita
749 937 876 1024 annia,
912 935 1009 1008 haud
1044 960 1151 1034 aegre
1176 933 1224 1008 ad
1250 935 1366 1034 ipsum
1392 937 1439 1008 al·

141 1071 177 1121 ιιι
196 1077 307 1127 veum
339 1063 514 1148 penetrat
575 1049 720 1122 Primus
752 1048 847 1119 inter
878 1046 1018 1146 pedites
1049 1073 1116 1120 rex
1142 1070 1307 1144 egressus
1333 1045 1369 1118 in
1396 1046 1439 1117 ri-

195 1187 297 1260 pam,
338 1161 474 1236 vadum
508 1159 681 1234 militibus
713 1183 841 1248 manu,
882 1159 1027 1255 quando
1061 1183 1137 1230 vox
1171 1154 1332 1230 exaudin
1367 1181 1439 1228 non

194 1283 356 1370 poterat,
388 1271 557 1346 ostendit.
611 1266 685 1344 Sed
710 1267 864 1368 gradum
889 1269 1032 1342 firmare
1057 1270 1122 1341 vix
1147 1276 1333 1368 poterant,
1359 1293 1441 1340 cum

193 1382 304 1457 modo
330 1409 422 1456 saxa
446 1381 584 1454 lubrica
610 1381 802 1478 vestigium
827 1378 1001 1470 fallerent,
1028 1377 1136 1452 modo
1161 1377 1318 1478 rapidior
1344 1378 1441 1452 unda

140 1511 176 1562 ra
195 1494 424 1568 subduceret
486 1491 708 1591 Praecipuus
749 1501 828 1563 erat
867 1490 969 1563 labor
1009 1515 1148 1580 eorum,
1188 1490 1249 1586 qui
1283 1489 1440 1564 humeris

198 1628 324 1680 onera,
341 1602 552 1701 portabant:
588 1604 721 1702 quippe
752 1625 835 1674 cum
848 1663 852 1672 .
867 1603 1076 1700 semetipsos
1113 1625 1237 1700 regere
1262 1625 1336 1673 non
1361 1627 1440 1698 pos-

198 1723 297 1802 sent,
330 1713 367 1786 in
398 1715 544 1813 rapidos
576 1715 738 1814 gurgites
772 1711 998 1785 incommodo
1036 1738 1145 1786 onero
1179 1711 1440 1803 auferebantur,

198 1836 238 1899 et
272 1825 360 1898 dum
394 1850 461 1898 sua
492 1825 644 1923 quisque
677 1823 791 1922 spolia
823 1823 993 1920 consequi
1028 1824 1166 1914 studet,
1200 1822 1315 1896 maior
1348 1823 1441 1896 inter

196 1937 313 2036 ipsos,
340 1961 449 2032 quam
475 1959 557 2009 cum
582 1936 698 2024 amni,
724 1943 806 2007 orta
831 1933 979 2006 luctatio
1006 1944 1077 2026 est,
1112 1934 1313 2030 cumulique
1338 1934 1442 2006 sarci-

141 2065 179 2114 ιο
196 2071 328 2119 narum
359 2045 494 2144 passim
528 2046 711 2120 fluitantes
747 2045 936 2143 plerosque
971 2044 1204 2144 perculerant
1262 2041 1343 2116 Rex
1368 2069 1441 2117 mo·

197 2181 297 2247 nere,
323 2166 365 2228 ut
391 2157 478 2229 satis
505 2157 684 2231 haberent
707 2181 809 2230 arma
834 2155 998 2248 retinere,
1025 2165 1144 2229 cetera
1157 2151 1441 2230 seredditurum.

200 2263 275 2341 Sed
307 2291 423 2363 neque
449 2269 653 2360 consilium,
689 2294 806 2365 neque
837 2265 1025 2364 imperium
1050 2266 1162 2365 accipi
1186 2275 1347 2364 poterat:
1382 2266 1443 2338 ob-

199 2379 386 2475 strepebat
409 2379 493 2451 hinc
519 2390 648 2471 metus,
673 2394 817 2478 praeter
842 2378 938 2451 hunc
963 2378 1114 2450 invicem
1138 2375 1343 2449 nutantium
1367 2400 1442 2448 mu-

143 2509 178 2557 21
199 2499 286 2562 tuus
326 2489 469 2560 clamor.
535 2488 697 2562 Tandem
735 2519 807 2590 qua
843 2493 978 2568 leniore
1015 2499 1132 2562 tractu
1172 2487 1286 2560 amnis
1328 2487 1443 2585 aperit

200 2597 354 2690 vadum,
387 2623 580 2690 emersere,
615 2625 682 2673 nec
703 2605 909 2702 *quicquam
939 2609 1082 2698 praeter
1117 2623 1251 2696 paucas
1287 2599 1443 2672 sarcinas

143 2727 180 2776 aa
201 2708 446 2782 desideratum
479 2720 544 2786 est.
597 2708 719 2784 Deleri
752 2717 871 2811 potuit
902 2712 1098 2800 exercitus,
1134 2710 1164 2782 si
1196 2709 1275 2807 quis
1301 2711 1444 2784 vincere

200 2843 313 2892 ausus
339 2829 443 2909 esset,
471 2818 537 2892 sed
563 2832 739 2918 perpetua
764 2826 910 2897 fortuna
935 2823 1028 2920 regis
1055 2821 1185 2894 avertit
1198 2819 1280 2893 inde
1294 2820 1444 2895 hostem.

202 2927 263 3004 Sic
290 2924 494 3019 Granicum,
522 2941 578 3004 tot
603 2932 753 3014 milibus
773 2935 934 3033 equitum
959 2932 1189 3032 peditumque
1214 2931 1251 3003 in
1277 2933 1445 3006 ulteriore
1547 3008 1550 3014 Δ

237 3131 262 3197 §-
289 3134 332 3182 tt.
367 3128 479 3182 Persica
516 3131 621 3201 linqua]
670 3132 811 3188 Medorum
846 3141 905 3188 ton
924 3149 968 3198 re,
993 3133 1032 3186 ita
1053 3131 1081 3184 in
1102 3131 1152 3186 hac
1177 3127 1328 3184 confusione
1349 3130 1445 3182 descri-

200 3196 295 3268 lingna
323 3196 363 3250 ita
391 3196 556 3268 appobatum
577 3200 689 3254 tradunt
711 3202 811 3258 Strabo
844 3202 933 3256 banda
941 3199 1071 3256 Ovidiana
1086 3197 1239 3269 quaedam‘
1302 3197 1373 3250 'num
1387 3214 1446 3251 ver-

200 3265 293 3320 libn
309 3281 372 3336 pag.
382 3271 432 3319 529
450 3275 479 3319 et
489 3265 557 3319 Plin.
575 3277 631 3320 nat.
649 3269 710 3324 hist.
720 3279 810 3338 vr,3l.
845 3272 989 3340 borumque
1007 3267 1122 3322 luxuries
1140 3267 1263 3322 notanda.
1308 3265 1446 3320 ocabulunr

236 3333 312 3412 Cap..
320 3339 364 3398 38,
382 3337 406 3414 ᾖ.
417 3341 456 3388 19.
475 3353 552 3404 quom
562 3353 620 3388 cunr
630 3341 710 3406 amur]
730 3343 811 3394 Amal
846 3341 953 3392 inuicem
964 3345 1036 3391 amat
1048 3336 1160 3407 scriptor
1177 3345 1276 3402 noster,
1289 3333 1446 3414 videturque

200 3400 286 3456 Snak.
304 3421 331 3454 ιιι
345 3401 530 3456 Leidlr'osal
550 3405 656 3458 notavit
673 3421 739 3472 esse,
756 3418 811 3462 est-
845 3408 870 3460 h.
893 3407 911 3460 l.
938 3406 1002 3460 nibil
1028 3405 1100 3458 aliud
1125 3403 1271 3472 significare
1291 3420 1342 3455 nnn
1367 3403 1446 3456 modo

201 3485 257 3540 que
287 3468 353 3523 item
375 3470 403 3524 in
424 3471 507 3524 Ber-n.
524 3474 551 3524 Δ
573 3474 691 3530 ecstor.
711 3477 810 3544 BDFI,
846 3477 924 3542 hunc,
941 3473 1103 3529 modoillum
1120 3481 1227 3526 nutans
1239 3479 1268 3524 et
1279 3470 1445 3524 exclamasse

200 3538 251 3591 sed
268 3535 340 3592 flor.
358 3543 383 3590 A
405 3547 433 3592 et
456 3539 519 3592 odit
541 3540 617 3596 Mod.
639 3543 712 3614 vulg.
734 3563 810 3600 amne
848 3545 1016 3613 obstrepebat
1024 3541 1325 3611 autemeafiguraquae
1338 3555 1448 3609 zeugma

199 3610 329 3660 retinam
348 3605 463 3661 Videtur
479 3615 570 3662 tamen
586 3609 615 3664 in
630 3611 680 3666 hoc
693 3612 811 3667 dissensu
845 3613 950 3679 dicitur,
969 3611 1083 3683 positum
1100 3620 1142 3664 est
1166 3628 1215 3681 pro
1238 3609 1368 3674 obstabat,
1387 3625 1448 3660 narn

199 3691 252 3747 pro
270 3675 344 3727 mant
357 3690 414 3728 esso
427 3677 661 3746 pronuntiandum.
680 3679 723 3735 Os.
732 3699 811 3754 supr-n
845 3680 964 3802 pnamvis
998 3681 1144 3748 obstrepere
1175 3679 1256 3732 etiam
1286 3685 1374 3756 mutae
1406 3693 1448 3730 ree

200 3759 224 3798 c.
242 3749 280 3797 ³4
296 3760 382 3812 princ.
864 3750 1075 3818 icantur,·quae
1091 3747 1211 3802 auditum
1233 3745 1390 3816 impediant,
1417 3751 1449 3798 ut

231 3812 375 3890 plerosque
378 3813 558 3881 perculerant]
577 3813 811 3871 Modiusinrnem-
846 3832 916 3882 vnr,
935 3823 950 3870 5
973 3819 1080 3870 causae
1096 3827 1171 3870 εταιιι
1195 3833 1273 3869 aures
1290 3815 1449 3881 obstruente

200 3879 306 3959 mana,
334 3879 517 3959 attaminet,
545 3897 602 3962 emp
624 3897 811 3952 percusserant
846 3889 903 3950 ira,
934 3893 963 3937 et
987 3899 1033 3951 vr,
1060 3891 1094 3940 38
1129 3886 1285 3938 comnenae
1316 3883 1448 3949 obstrqrit,

202 3955 252 4013 art,
272 3965 326 4002 non
343 3966 372 4000 ιιι
389 3957 499 4014 nostram
523 3950 569 4002 sed
587 3968 615 4002 ιιι
633 3953 722 4020 paucis
740 3953 812 4008 Flor.
847 3956 982 4024 qumninns
999 3954 1119 4006 aestuati
1140 3955 1253 4007 dornrirc
1270 3953 1447 4020 nonpossint,

203 4014 258 4070 CH
275 4025 305 4068 et
322 4015 346 4068 E
363 4016 483 4087 aprima
499 4035 579 4070 manu
596 4027 625 4072 ct
642 4019 756 4076 Bennss
770 4031 813 4076 est
847 4033 936 4075 tamen
970 4029 998 4075 ct
1024 4021 1077 4074 irae
1102 4029 1131 4075 et
1159 4020 1332 4076 conscientiae
1357 4035 1449 4072 vocem

197 4085 376 4153 pertulerant
847 4091 1001 4158 tribuimus,
1021 4089 1048 4142 id
1066 4091 1138 4160 quod
1154 4107 1170 4143 a
1187 4097 1261 4142 metu
1278 4087 1392 4142 alienum
1409 4089 1449 4143 vi-

239 4157 327 4219 sslo.
344 4155 453 4208 invicem
470 4157 618 4210 tentantium
635 4169 739 4212 mutuus
757 4161 812 4212 clu·
847 4159 933 4212 detur.
976 4159 1094 4212 Verbum
1125 4168 1229 4212 mutuus
1260 4157 1394 4211 omittitur
1419 4157 1447 4213 in

202 4221 813 4346 glnmfflpinpcncpppelllod.)sbnotanlium,
847 4226 1105 4350 Bprn.B,rpieprwirum
1122 4227 1361 4300 quodsupcrfluum
1379 4227 1451 4281 vide.

376 4310 384 4341 ι
524 4310 585 4346 nsua
623 4311 739 4348 rrorrnn
765 4313 814 4350 no·
847 4313 970 4350 rcurco
1059 4315 1088 4350 n.

203 4363 321 4410 stronnn
345 4357 461 4410 omnium
482 4377 542 4413 cnm
564 4360 639 4413 leid.
660 4371 690 4415 et
711 4367 810 4418 Vossl
883 4370 907 4431 s.
931 4371 972 4418 22.
1013 4367 1038 4418 si
1065 4367 1122 4436 quia
1145 4367 1246 4420 vincere
1267 4383 1349 4420 autur
1373 4369 1449 4434 esset}

203 4433 234 4478 et
250 4423 312 4492 ipsa
328 4442 371 4480 ree
398 4427 524 4498 postulat.
564 4429 706 4500 Ceterum,
727 4440 759 4486 ut
785 4431 814 4486 in
848 4433 909 4488 Hoc
932 4435 1072 4488 vorborum
1093 4435 1187 4490 ordine
1203 4435 1310 4490 llodius
1331 4441 1359 4488 et
1376 4435 1450 4488 Leid.

1153 4521 1193 4575 81
