3330 5050
196 251 271 320 370
579 275 596 294 .
666 263 699 326 o.
727 261 849 314 curru
875 263 961 314 eurr

102 435 110 452 ⁸
190 469 321 544 equum
347 469 451 518 suum
478 447 650 523 offerente
676 443 899 547 Lysimacho,
925 471 992 520 neo
1017 456 1137 520 tamen
1164 460 1207 522 ut
1231 449 1441 550 digredere-

189 571 250 630 tur
274 583 297 632 a
322 583 407 656 rege
434 559 525 634 effici
551 561 684 660 potuit,
722 583 803 634 cum
829 561 939 634 lorica
963 557 1111 632 indutus
1137 585 1238 632 arma
1262 573 1440 656 gestaret.

190 666 305 760 Idem,
341 697 422 744 cum
448 685 662 772 perventum
689 686 784 746 esset
809 674 845 746 in
872 674 1020 764 saltum,
1055 671 1189 768 inquo
1217 695 1255 742 se
1287 669 1437 743 barbari
1456 691 1490 739 π

189 779 420 874 abdiderant,
461 785 616 858 nobilem
650 785 761 856 edidit
792 809 967 882 pugnam,
1007 807 1200 882 regemque
1232 781 1436 853 comminus

188 919 269 967 cum
295 893 398 968 hoste
426 893 653 966 dimicantem
685 896 853 990 protexit.
907 892 978 967 Sed
1006 907 1197 992 postquam
1224 893 1368 968 barbari
1395 893 1435 964 iu
1454 912 1489 958 ³8

188 1007 309 1103 lugam
326 1005 430 1078 effusi
448 1004 637 1076 deseruere
661 1006 779 1093 silvas,
805 1005 956 1094 animus,
983 1007 1043 1100 qui
1069 1007 1105 1077 in
1133 1006 1262 1080 ardore
1288 1029 1437 1102 pugnae

188 1139 318 1213 corpus
345 1124 622 1205 sustentaverat,
649 1115 768 1212 liquit;
796 1115 986 1213 subitoque
1005 1139 1052 1188 ex
1070 1116 1236 1188 omnibus
1261 1117 1435 1188 membris

188 1227 335 1324 profuso
353 1225 495 1316 sudore,
522 1227 659 1300 arboris
678 1230 862 1325 proximae
880 1227 992 1326 stipiti
1010 1251 1049 1300 se
1066 1228 1246 1324 applicuit
1291 1225 1436 1299 Deinde
1455 1247 1489 1294 sa

188 1361 233 1410 ne
260 1337 320 1409 illo
347 1336 491 1434 quidem
516 1336 732 1411 adminiculo
758 1339 973 1428 sustinente,
1008 1339 1171 1412 manibus
1202 1339 1297 1436 regis
1330 1363 1437 1412 exce·

187 1461 272 1548 ptus
299 1459 364 1541 est,
390 1450 484 1523 inter
509 1475 598 1546 quas
625 1451 802 1548 collapsus
828 1449 1060 1548 extinguitur.
1105 1449 1284 1523 Maestum
1309 1475 1436 1548 regem

189 1563 279 1635 alius
305 1560 403 1634 haud
428 1561 518 1633 levis
545 1558 648 1633 dolor
675 1563 824 1658 excepit
877 1559 1045 1659 Erigyius
1070 1559 1164 1632 inter
1187 1553 1303 1634 claros
1321 1560 1435 1634 duces
1456 1582 1492 1629 ro

189 1673 321 1762 fuerat5
353 1697 460 1768 quem
487 1671 685 1744 extinctum
712 1697 805 1761 esse,
838 1673 945 1769 paulo
971 1680 1165 1767 antequam
1191 1683 1437 1745 reverteretur

188 1783 225 1855 in
251 1793 371 1856 eastra
394 1783 574 1882 cognovit.
628 1779 822 1880 Utriusque
852 1783 959 1855 fuu‘us
991 1783 1089 1856 omui
1122 1793 1298 1882 apparatu
1323 1794 1436 1880 atque

187 1894 323 1967 honore
350 1894 570 1969 celebratum
591 1902 655 1966 est.
757 1929 759 1934 ·
1369 1929 1372 1936 ⁴

141 2007 185 2078 ll
288 2003 411 2079 Dahas
439 2005 568 2078 deinde
594 2013 771 2077 statuerat
795 2014 936 2102 petere:
962 2003 1012 2077 ibi
1030 2029 1185 2102 namque
1199 2001 1493 2103 Spitamenenur.

188 2141 267 2192 esse
293 2125 523 2214 cognoverat
576 2112 646 2188 Sed
674 2116 930 2214 huncquoque
953 2115 1229 2214 expeditionem,
1255 2125 1299 2188 ut
1318 2115 1434 2213 plera·

188 2253 258 2326 que
283 2227 370 2317 alia,
396 2228 542 2301 sortuna
565 2225 785 2326 indulgendo
812 2229 843 2300 ei
869 2251 1053 2323 uunquam
1079 2227 1245 2326 fatigata,
1278 2249 1344 2326 pro
1371 2228 1434 2300 ab·

189 2349 290 2414 sente
316 2338 501 2434 transegit.
554 2335 777 2436 Spitamenes
803 2340 927 2412 uxoris
951 2337 1142 2412 immodico
1165 2363 1286 2412 amore
1304 2339 1434 2437 flagra·

188 2452 267 2524 bat:
294 2475 402 2549 quam
428 2475 536 2548 aegre
562 2451 682 2547 lugam
709 2459 746 2522 et
771 2475 867 2524 nova
893 2447 1046 2524 subinde
1072 2451 1179 2522 exilia
1205 2451 1433 2542 tolerantem,

188 2563 224 2636 in
257 2586 362 2635 omne
394 2561 584 2634 discrimen
618 2563 782 2634 comitem
820 2561 997 2635 trahebat.
1050 2559 1115 2632 Illa
1147 2562 1250 2634 malis
1281 2561 1470 2658 fatigatas

188 2671 383 2746 identidem
409 2673 601 2745 muliebres
628 2672 798 2747 adhibere
824 2671 1032 2762 blanditias,
1070 2682 1112 2745 ut
1136 2672 1284 2745 taudem
1308 2674 1434 2770 fugam

188 2785 338 2874 sisteret,
365 2783 581 2882 victorisque
607 2783 804 2858 Alexandri
823 2783 1046 2856 clementia-m
1064 2797 1246 2880 expertus,
1272 2785 1434 2882 placaret

190 2921 296 2992 quem
323 2893 480 2992 effugere
512 2920 585 2967 non
617 2906 750 2992 posset
803 2894 891 2968 Tres
918 2893 1032 2967 adulti
1050 2907 1162 2968 erant
1186 2895 1289 2968 liberi
1315 2921 1362 2968 ex
1388 2916 1469 2968 eos

189 3009 313 3105 geniti:
340 3031 430 3103 quos
458 3031 542 3078 cum
565 3007 701 3103 pectori
718 3007 830 3105 patris
843 3005 1077 3096 admovisset,
1103 3015 1145 3078 ut
1162 3007 1289 3079 saltem
1307 3031 1433 3080 eorum

189 3118 348 3191 misereri
379 3118 505 3208 vellet,
540 3118 685 3206 orabat;
725 3128 763 3190 et
793 3143 864 3215 quo
896 3117 1110 3190 efficaciores
1143 3128 1265 3191 essent
1296 3141 1432 3215 preces,

189 3227 287 3301 haud
322 3230 446 3327 procul
481 3239 558 3302 erat
592 3227 809 3301 Alexander.
861 3227 924 3301 llle
956 3255 996 3302 se
1031 3227 1153 3327 prodi,
1183 3254 1262 3308 non
1294 3229 1469 3302 moueris

189 3351 306 3432 ratus,
339 3353 376 3414 et
401 3341 537 3413 sormae
564 3339 724 3437 profecto
751 3338 881 3412 fiducia
906 3363 1037 3439 cupere
1063 3365 1143 3412 eam
1170 3341 1431 3438 quamprimum

85 3543 90 3556 ,
190 3450 273 3524 dedi
290 3451 511 3541 Alexandro,
538 3451 718 3524 acinacem
740 3451 895 3542 strinxit,
922 3476 1155 3551 percussurus
1175 3476 1337 3541 uxorem,
1363 3449 1433 3523 nisi

189 3685 332 3741 maximum
340 3704 406 3756 esse,
425 3688 499 3758 quod
509 3683 620 3741 concedi
628 3686 718 3757 possit.
745 3687 794 3740 Ed.
863 3703 942 3757 seqre
959 3687 1057 3758 sugam
1076 3696 1100 3739 et
1117 3717 1152 3728 ·-
1168 3687 1249 3740 exilia
1268 3686 1432 3757 romonem]

209 3776 229 3809 r.
241 3758 377 3836 perdicto
394 3759 494 3823 studio,
513 3756 597 3810 Aldus
611 3758 794 3825 perustudia,
830 3754 916 3809 Codd.
933 3773 1040 3826 reprom
1056 3755 1144 3825 supa,
1170 3772 1237 3826 quos
1254 3773 1309 3809 uon
1326 3771 1432 3826 sequor.

189 3773 280 3878 lunius
292 3843 344 3894 per
353 3828 544 3895 quinquaqinta
554 3835 585 3878 st.
604 3825 655 3876 sed.
668 3823 695 3876 in
712 3841 794 3895 marg.
829 3841 890 3878 uam
913 3841 991 3894 ueyre
1012 3827 1124 3878 tolerare
1145 3831 1177 3876 ut
1198 3823 1374 3894 coniungatur
1399 3824 1434 3876 ud

189 3893 342 3948 notavitol.
369 3895 502 3960 adnuente,
521 3911 569 3946 nec
586 3901 644 3946 erat
660 3910 707 3946 cur
724 3892 795 3945 illam
829 3909 933 3946 seucum
950 3910 1058 3963 prorsus
1074 3891 1250 3945 necessarium
1267 3901 1315 3945 eet.
1342 3894 1433 3962 Atque

189 3963 331 4016 lectionem
380 3950 455 4015 odius
477 3962 617 4032 pessimam
641 3961 794 4031 appellaret.
829 3969 945 4015 senserat
963 3963 1013 4015 hoe
1031 3961 1142 4014 Aldinus
1165 3961 1261 4019 editor.
1289 3975 1350 4014 eum
1371 3967 1434 4012 ante

225 4037 300 4098 μθ.
323 4034 352 4084 in
370 4031 471 4101 castra]
499 4031 546 4083 ie.
559 4029 795 4084 hibemaadNau-
829 4031 837 4085 i
870 4049 913 4084 um
945 4031 1071 4084 ederetur
1100 4047 1207 4098 prorsus
1232 4029 1298 4082 salso
1325 4045 1433 4110 <reprom

191 4108 260 4165 taes,
278 4118 357 4171 supra
375 4119 398 4154 c.
410 4105 435 4154 8.
823 4048 931 4170 Eoum,
949 4097 1056 4152 Medius
1069 4107 1157 4150 umen
1176 4097 1302 4151 librorum
1320 4105 1433 4168 scuptu·

226 4169 345 4238 capsi,
365 4175 424 4233 §.L
452 4169 627 4238 Spitamenen]
655 4166 700 4221 Sic
717 4171 794 4220 Bern.
830 4187 885 4222 ram
902 4169 1092 4238 ueyromsupa
1109 4166 1252 4218 revocavit.

191 4241 216 4291 Α
234 4237 410 4292 nonaum
432 4255 490 4291 cum
509 4235 590 4291 Suilr.
609 4245 638 4288 et
660 4235 728 4289 illius
751 4253 795 4290 co·
864 4240 922 4306 §.t
957 4239 1090 4288 acinacem
1108 4237 1215 4288 strinxit
1243 4232 1433 4288 Plorat-aid.

191 4307 292 4360 dicibus
311 4305 434 4361 universe
452 4305 600 4379 appellatis.
627 4305 716 4374 Vulgo
735 4306 795 4374 Spi-
831 4307 930 4376 (Bong.
944 4311 1003 4366 ht)
1021 4305 1160 4368 umuucim,
1178 4305 1223 4357 sed
1242 4319 1295 4370 vu,
1316 4309 1345 4357 tt
1363 4311 1432 4356 extr.

193 4387 325 4430 reinonem.
830 4377 964 4428 uunucem
982 4373 1038 4426 sine
1055 4372 1175 4426 variante
1192 4373 1312 4428 lectione.
