<?xml version="1.0" encoding="UTF-8"?>
<!DOCTYPE html PUBLIC "-//W3C//DTD XHTML 1.0 Transitional//EN"
    "http://www.w3.org/TR/xhtml1/DTD/xhtml1-transitional.dtd">
<html xmlns="http://www.w3.org/1999/xhtml" xml:lang="en" lang="en">
 <head>
  <title>
</title>
<meta http-equiv="Content-Type" content="text/html;charset=utf-8" />
  <meta name='ocr-system' content='tesseract 3.04.00' />
  <meta name='ocr-capabilities' content='ocr_page ocr_carea ocr_par ocr_line ocrx_word'/>
</head>
<body>
  <div class='ocr_page' id='page_1' title='image "./qcurtiirufidege03rufugoog_0024.png"; bbox 0 0 3260 5042; ppageno 0'>
   <div class='ocr_carea' id='block_1_1' title="bbox 719 374 1438 429">
    <p class='ocr_par' dir='ltr' id='par_1_1' title="bbox 719 374 1438 429">
     <span class='ocr_line' id='line_1_1' title="bbox 719 374 1438 429; baseline 0.006 -4"><span class='ocrx_word' id='word_1_1' title='bbox 719 375 936 429; x_wconf 77' lang='lat' dir='ltr'>PRAEFATIO.</span> <span class='ocrx_word' id='word_1_2' title='bbox 1370 374 1438 428; x_wconf 79' lang='lat' dir='ltr'><strong>xlx</strong></span> 
     </span>
    </p>
   </div>
   <div class='ocr_carea' id='block_1_2' title="bbox 195 559 1518 1040">
    <p class='ocr_par' dir='ltr' id='par_1_2' title="bbox 195 559 1518 1040">
     <span class='ocr_line' id='line_1_2' title="bbox 195 559 1441 661; baseline 0.003 -31"><span class='ocrx_word' id='word_1_3' title='bbox 195 560 373 631; x_wconf 87' lang='lat' dir='ltr'><strong>barentur</strong></span> <span class='ocrx_word' id='word_1_4' title='bbox 399 569 437 631; x_wconf 88' lang='lat' dir='ltr'><strong>et</strong></span> <span class='ocrx_word' id='word_1_5' title='bbox 462 583 485 630; x_wconf 89' lang='lat' dir='ltr'><strong>a</strong></span> <span class='ocrx_word' id='word_1_6' title='bbox 520 559 656 634; x_wconf 75' lang='lat' dir='ltr'><em>Valente</em></span> <span class='ocrx_word' id='word_1_7' title='bbox 681 559 838 661; x_wconf 74' lang='lat' dir='ltr'><strong>Acidalio</strong></span> <span class='ocrx_word' id='word_1_8' title='bbox 863 561 900 633; x_wconf 92' lang='lat' dir='ltr'><strong>in</strong></span> <span class='ocrx_word' id='word_1_9' title='bbox 925 559 1095 656; x_wconf 56' lang='lat' dir='ltr'><strong>singulari</strong></span> <span class='ocrx_word' id='word_1_10' title='bbox 1116 560 1247 633; x_wconf 91' lang='lat' dir='ltr'><strong>libello</strong></span> <span class='ocrx_word' id='word_1_11' title='bbox 1272 571 1441 634; x_wconf 79' lang='lat' dir='ltr'><strong>notarum</strong></span> 
     </span>
     <span class='ocr_line' id='line_1_3' title="bbox 198 683 1441 787; baseline 0 -29"><span class='ocrx_word' id='word_1_12' title='bbox 198 687 237 758; x_wconf 88' lang='lat' dir='ltr'><strong>in</strong></span> <span class='ocrx_word' id='word_1_13' title='bbox 263 683 306 774; x_wconf 84' lang='lat' dir='ltr'><strong>Q.</strong></span> <span class='ocrx_word' id='word_1_14' title='bbox 334 683 497 759; x_wconf 81' lang='lat' dir='ltr'><strong>Curtium</strong></span> <span class='ocrx_word' id='word_1_15' title='bbox 525 685 764 787; x_wconf 84' lang='lat' dir='ltr'><strong>(Francofurti</strong></span> <span class='ocrx_word' id='word_1_16' title='bbox 794 683 907 781; x_wconf 80' lang='lat'>1594)</span> <span class='ocrx_word' id='word_1_17' title='bbox 934 683 1061 758; x_wconf 88' lang='lat' dir='ltr'><strong>acerbe</strong></span> <span class='ocrx_word' id='word_1_18' title='bbox 1087 686 1283 784; x_wconf 73' lang='lat' dir='ltr'>castigatae</span> <span class='ocrx_word' id='word_1_19' title='bbox 1309 697 1441 776; x_wconf 79' lang='lat' dir='ltr'>essent,</span> 
     </span>
     <span class='ocr_line' id='line_1_4' title="bbox 199 812 1518 914; baseline -0.001 -28"><span class='ocrx_word' id='word_1_20' title='bbox 199 837 332 912; x_wconf 81' lang='lat' dir='ltr'><strong>anceps</strong></span> <span class='ocrx_word' id='word_1_21' title='bbox 361 813 407 886; x_wconf 90' lang='lat' dir='ltr'><strong>de</strong></span> <span class='ocrx_word' id='word_1_22' title='bbox 434 815 578 914; x_wconf 83' lang='lat' dir='ltr'><strong>ingenio</strong></span> <span class='ocrx_word' id='word_1_23' title='bbox 604 816 680 889; x_wconf 91' lang='lat' dir='ltr'><strong>eius</strong></span> <span class='ocrx_word' id='word_1_24' title='bbox 707 812 874 886; x_wconf 92' lang='lat' dir='ltr'><strong>iudicium</strong></span> <span class='ocrx_word' id='word_1_25' title='bbox 901 814 1010 886; x_wconf 90' lang='lat' dir='ltr'><strong>etiam</strong></span> <span class='ocrx_word' id='word_1_26' title='bbox 1036 812 1084 886; x_wconf 89' lang='lat' dir='ltr'><strong>ad</strong></span> <span class='ocrx_word' id='word_1_27' title='bbox 1109 815 1269 904; x_wconf 85' lang='lat' dir='ltr'><strong>alteram,</strong></span> <span class='ocrx_word' id='word_1_28' title='bbox 1297 813 1342 887; x_wconf 91' lang='lat' dir='ltr'><strong>de</strong></span> <span class='ocrx_word' id='word_1_29' title='bbox 1369 838 1443 910; x_wconf 87' lang='lat' dir='ltr'><strong>qua</strong></span> <span class='ocrx_word' id='word_1_30' title='bbox 1517 899 1518 904; x_wconf 5' lang='grc' dir='ltr'>ἵ</span> 
     </span>
     <span class='ocr_line' id='line_1_5' title="bbox 198 941 1442 1040; baseline -0.002 -26"><span class='ocrx_word' id='word_1_31' title='bbox 198 942 296 1014; x_wconf 86' lang='lat' dir='ltr'><strong>iusto</strong></span> <span class='ocrx_word' id='word_1_32' title='bbox 322 944 465 1040; x_wconf 89' lang='lat' dir='ltr'><strong>parcius</strong></span> <span class='ocrx_word' id='word_1_33' title='bbox 492 943 594 1034; x_wconf 89' lang='lat' dir='ltr'><strong>dixit,</strong></span> <span class='ocrx_word' id='word_1_34' title='bbox 621 941 739 1038; x_wconf 87' lang='lat' dir='ltr'><strong>operis</strong></span> <span class='ocrx_word' id='word_1_35' title='bbox 757 951 896 1037; x_wconf 86' lang='lat' dir='ltr'><strong>partem</strong></span> <span class='ocrx_word' id='word_1_36' title='bbox 914 941 1180 1034; x_wconf 77' lang='lat' dir='ltr'><strong>transferretur,</strong></span> <span class='ocrx_word' id='word_1_37' title='bbox 1206 942 1268 1015; x_wconf 95' lang='lat' dir='ltr'><strong>ubi</strong></span> <span class='ocrx_word' id='word_1_38' title='bbox 1285 941 1442 1014; x_wconf 82' lang='lat' dir='ltr'><strong>maxime</strong></span> 
     </span>
    </p>
   </div>
   <div class='ocr_carea' id='block_1_3' title="bbox 200 1065 1442 1168">
    <p class='ocr_par' dir='ltr' id='par_1_3' title="bbox 200 1065 1442 1168">
     <span class='ocr_line' id='line_1_6' title="bbox 200 1065 1442 1168; baseline 0.001 -28"><span class='ocrx_word' id='word_1_39' title='bbox 200 1067 248 1142; x_wconf 92' lang='lat' dir='ltr'><strong>de</strong></span> <span class='ocrx_word' id='word_1_40' title='bbox 272 1069 346 1147; x_wconf 91' lang='lat' dir='ltr'><strong>fide</strong></span> <span class='ocrx_word' id='word_1_41' title='bbox 372 1080 410 1144; x_wconf 92' lang='lat' dir='ltr'><strong>et</strong></span> <span class='ocrx_word' id='word_1_42' title='bbox 435 1069 640 1144; x_wconf 87' lang='lat' dir='ltr'><strong>constantia</strong></span> <span class='ocrx_word' id='word_1_43' title='bbox 665 1067 812 1142; x_wconf 82' lang='lat' dir='ltr'><strong>editoris</strong></span> <span class='ocrx_word' id='word_1_44' title='bbox 838 1069 966 1168; x_wconf 89' lang='lat' dir='ltr'><strong>agitur.</strong></span> <span class='ocrx_word' id='word_1_45' title='bbox 1019 1065 1125 1142; x_wconf 81' lang='lat' dir='ltr'><strong>Certe</strong></span> <span class='ocrx_word' id='word_1_46' title='bbox 1152 1095 1224 1143; x_wconf 93' lang='lat' dir='ltr'><strong>non</strong></span> <span class='ocrx_word' id='word_1_47' title='bbox 1249 1070 1288 1143; x_wconf 92' lang='lat' dir='ltr'><strong>id</strong></span> <span class='ocrx_word' id='word_1_48' title='bbox 1309 1069 1442 1143; x_wconf 86' lang='lat' dir='ltr'><strong>laboris</strong></span> 
     </span>
    </p>
   </div>
   <div class='ocr_carea' id='block_1_4' title="bbox 200 1195 1592 1308">
    <p class='ocr_par' dir='ltr' id='par_1_4' title="bbox 200 1195 1592 1308">
     <span class='ocr_line' id='line_1_7' title="bbox 200 1195 1592 1308; baseline 0 -38"><span class='ocrx_word' id='word_1_49' title='bbox 200 1197 258 1270; x_wconf 87' lang='lat' dir='ltr'><strong>sui</strong></span> <span class='ocrx_word' id='word_1_50' title='bbox 293 1199 377 1308; x_wconf 86' lang='lat' dir='ltr'><strong>tulit</strong></span> <span class='ocrx_word' id='word_1_51' title='bbox 411 1197 629 1297; x_wconf 91' lang='lat' dir='ltr'><strong>praemium,</strong></span> <span class='ocrx_word' id='word_1_52' title='bbox 675 1197 774 1295; x_wconf 89' lang='lat' dir='ltr'><strong>quod</strong></span> <span class='ocrx_word' id='word_1_53' title='bbox 807 1221 918 1269; x_wconf 92' lang='lat' dir='ltr'><strong>unum</strong></span> <span class='ocrx_word' id='word_1_54' title='bbox 950 1195 1193 1295; x_wconf 86' lang='lat' dir='ltr'><strong>expetendum</strong></span> <span class='ocrx_word' id='word_1_55' title='bbox 1228 1207 1285 1272; x_wconf 91' lang='lat' dir='ltr'><strong>est</strong></span> <span class='ocrx_word' id='word_1_56' title='bbox 1321 1197 1443 1271; x_wconf 85' lang='lat' dir='ltr'><strong>critico</strong></span> <span class='ocrx_word' id='word_1_57' title='bbox 1586 1253 1592 1263; x_wconf 75' lang='lat'><strong>,</strong></span> 
     </span>
    </p>
   </div>
   <div class='ocr_carea' id='block_1_5' title="bbox 196 1325 1447 2574">
    <p class='ocr_par' dir='ltr' id='par_1_5' title="bbox 196 1325 1447 2574">
     <span class='ocr_line' id='line_1_8' title="bbox 202 1325 1443 1426; baseline -0.002 -25"><span class='ocrx_word' id='word_1_58' title='bbox 202 1325 348 1417; x_wconf 88' lang='lat' dir='ltr'><strong>editori,</strong></span> <span class='ocrx_word' id='word_1_59' title='bbox 379 1338 422 1398; x_wconf 89' lang='lat' dir='ltr'><strong>ut</strong></span> <span class='ocrx_word' id='word_1_60' title='bbox 457 1325 598 1422; x_wconf 82' lang='lat' dir='ltr'><strong>qualem</strong></span> <span class='ocrx_word' id='word_1_61' title='bbox 632 1327 889 1400; x_wconf 75' lang='lat' dir='ltr'><strong>conformasset</strong></span> <span class='ocrx_word' id='word_1_62' title='bbox 923 1332 1083 1426; x_wconf 84' lang='lat' dir='ltr'><strong>textum,</strong></span> <span class='ocrx_word' id='word_1_63' title='bbox 1118 1325 1309 1424; x_wconf 86' lang='lat' dir='ltr'><strong>insequens</strong></span> <span class='ocrx_word' id='word_1_64' title='bbox 1342 1335 1443 1399; x_wconf 88' lang='lat' dir='ltr'><strong>aetas</strong></span> 
     </span>
     <span class='ocr_line' id='line_1_9' title="bbox 202 1451 1444 1552; baseline -0.002 -25"><span class='ocrx_word' id='word_1_65' title='bbox 202 1462 414 1552; x_wconf 85' lang='lat' dir='ltr'><strong>sequeretur</strong></span> <span class='ocrx_word' id='word_1_66' title='bbox 440 1462 477 1526; x_wconf 92' lang='lat' dir='ltr'><strong>et</strong></span> <span class='ocrx_word' id='word_1_67' title='bbox 503 1454 682 1528; x_wconf 89' lang='lat' dir='ltr'><strong>retineret.</strong></span> <span class='ocrx_word' id='word_1_68' title='bbox 735 1453 877 1527; x_wconf 82' lang='lat' dir='ltr'><strong>Etenim</strong></span> <span class='ocrx_word' id='word_1_69' title='bbox 903 1452 1119 1552; x_wconf 88' lang='lat' dir='ltr'><strong>posthabita,</strong></span> <span class='ocrx_word' id='word_1_70' title='bbox 1155 1453 1287 1552; x_wconf 88' lang='lat' dir='ltr'><strong>quippe</strong></span> <span class='ocrx_word' id='word_1_71' title='bbox 1313 1451 1358 1527; x_wconf 88' lang='lat' dir='ltr'><strong>de</strong></span> <span class='ocrx_word' id='word_1_72' title='bbox 1385 1478 1444 1525; x_wconf 92' lang='lat' dir='ltr'><strong>cu-</strong></span> 
     </span>
     <span class='ocr_line' id='line_1_10' title="bbox 196 1579 1445 1679; baseline -0.002 -23"><span class='ocrx_word' id='word_1_73' title='bbox 196 1583 258 1656; x_wconf 90' lang='lat' dir='ltr'><strong>·ius</strong></span> <span class='ocrx_word' id='word_1_74' title='bbox 282 1579 357 1653; x_wconf 87' lang='lat' dir='ltr'><strong>fide</strong></span> <span class='ocrx_word' id='word_1_75' title='bbox 383 1579 620 1672; x_wconf 80' lang='lat' dir='ltr'><strong>dubitaretur,</strong></span> <span class='ocrx_word' id='word_1_76' title='bbox 646 1579 758 1655; x_wconf 87' lang='lat' dir='ltr'><strong>Modii</strong></span> <span class='ocrx_word' id='word_1_77' title='bbox 775 1580 991 1673; x_wconf 86' lang='lat' dir='ltr'><strong>recensione,</strong></span> <span class='ocrx_word' id='word_1_78' title='bbox 1010 1581 1169 1679; x_wconf 85' lang='lat' dir='ltr'><strong>vulgata,</strong></span> <span class='ocrx_word' id='word_1_79' title='bbox 1196 1605 1287 1679; x_wconf 89' lang='lat' dir='ltr'><strong>quae</strong></span> <span class='ocrx_word' id='word_1_80' title='bbox 1306 1580 1445 1671; x_wconf 90' lang='lat' dir='ltr'><strong>dicitur,</strong></span> 
     </span>
     <span class='ocr_line' id='line_1_11' title="bbox 202 1706 1445 1807; baseline -0.002 -25"><span class='ocrx_word' id='word_1_81' title='bbox 202 1708 310 1782; x_wconf 88' lang='lat' dir='ltr'><strong>lectio</strong></span> <span class='ocrx_word' id='word_1_82' title='bbox 336 1709 506 1782; x_wconf 90' lang='lat' dir='ltr'><strong>iniustam</strong></span> <span class='ocrx_word' id='word_1_83' title='bbox 537 1711 798 1807; x_wconf 85' lang='lat' dir='ltr'><strong>possessionem</strong></span> <span class='ocrx_word' id='word_1_84' title='bbox 829 1707 1055 1807; x_wconf 87' lang='lat' dir='ltr'><strong>recuperavit</strong></span> <span class='ocrx_word' id='word_1_85' title='bbox 1081 1733 1230 1806; x_wconf 85' lang='lat' dir='ltr'><strong>eamque</strong></span> <span class='ocrx_word' id='word_1_86' title='bbox 1256 1734 1370 1806; x_wconf 88' lang='lat' dir='ltr'><strong>usque</strong></span> <span class='ocrx_word' id='word_1_87' title='bbox 1397 1706 1445 1782; x_wconf 89' lang='lat' dir='ltr'><strong>ad</strong></span> 
     </span>
     <span class='ocr_line' id='line_1_12' title="bbox 196 1827 1445 1946; baseline -0.002 -35"><span class='ocrx_word' id='word_1_88' title='bbox 196 1837 298 1911; x_wconf 84' lang='lat' dir='ltr'><strong>banc</strong></span> <span class='ocrx_word' id='word_1_89' title='bbox 320 1845 481 1910; x_wconf 60' lang='lat' dir='ltr'><strong>‘aetatem</strong></span> <span class='ocrx_word' id='word_1_90' title='bbox 507 1835 673 1946; x_wconf 83' lang='lat' dir='ltr'><strong>obtinuit,</strong></span> <span class='ocrx_word' id='word_1_91' title='bbox 699 1827 841 1912; x_wconf 86' lang='lat' dir='ltr'><strong>tantum</strong></span> <span class='ocrx_word' id='word_1_92' title='bbox 867 1835 964 1934; x_wconf 91' lang='lat' dir='ltr'><strong>quod</strong></span> <span class='ocrx_word' id='word_1_93' title='bbox 989 1835 1046 1910; x_wconf 91' lang='lat' dir='ltr'><strong>hic</strong></span> <span class='ocrx_word' id='word_1_94' title='bbox 1068 1836 1322 1936; x_wconf 77' lang='lat' dir='ltr'><strong>illic‘graviora</strong></span> <span class='ocrx_word' id='word_1_95' title='bbox 1340 1860 1445 1934; x_wconf 88' lang='lat' dir='ltr'><strong>quae-</strong></span> 
     </span>
     <span class='ocr_line' id='line_1_13' title="bbox 204 1961 1445 2064; baseline 0 -26"><span class='ocrx_word' id='word_1_96' title='bbox 204 1963 290 2038; x_wconf 82' lang='lat' dir='ltr'><strong>dam</strong></span> <span class='ocrx_word' id='word_1_97' title='bbox 315 1965 420 2055; x_wconf 87' lang='lat' dir='ltr'><strong>vitia,</strong></span> <span class='ocrx_word' id='word_1_98' title='bbox 456 1987 548 2060; x_wconf 88' lang='lat' dir='ltr'><strong>quae</strong></span> <span class='ocrx_word' id='word_1_99' title='bbox 573 1963 794 2064; x_wconf 86' lang='lat' dir='ltr'><strong>intelligendi</strong></span> <span class='ocrx_word' id='word_1_100' title='bbox 814 1965 1035 2038; x_wconf 84' lang='lat' dir='ltr'><strong>&#39;facultatem</strong></span> <span class='ocrx_word' id='word_1_101' title='bbox 1059 1964 1165 2038; x_wconf 88' lang='lat' dir='ltr'><strong>nimis</strong></span> <span class='ocrx_word' id='word_1_102' title='bbox 1191 1961 1445 2063; x_wconf 78' lang='lat' dir='ltr'><strong>impediebant,</strong></span> 
     </span>
     <span class='ocr_line' id='line_1_14' title="bbox 202 2091 1447 2192; baseline -0.002 -26"><span class='ocrx_word' id='word_1_103' title='bbox 202 2093 415 2192; x_wconf 85' lang='lat' dir='ltr'><strong>plerumque</strong></span> <span class='ocrx_word' id='word_1_104' title='bbox 442 2092 807 2184; x_wconf 67' lang='lat' dir='ltr'><strong>coniecturis,&#39;rarius</strong></span> <span class='ocrx_word' id='word_1_105' title='bbox 830 2091 1067 2189; x_wconf 75' lang='lat' dir='ltr'><strong>integr-iorum</strong></span> <span class='ocrx_word' id='word_1_106' title='bbox 1091 2091 1265 2166; x_wconf 89' lang='lat' dir='ltr'><strong>librorum</strong></span> <span class='ocrx_word' id='word_1_107' title='bbox 1290 2091 1447 2165; x_wconf 89' lang='lat' dir='ltr'><strong>lectioni·</strong></span> 
     </span>
     <span class='ocr_line' id='line_1_15' title="bbox 204 2217 1446 2319; baseline -0.002 -25"><span class='ocrx_word' id='word_1_108' title='bbox 204 2221 276 2294; x_wconf 87' lang='lat' dir='ltr'><strong>bus</strong></span> <span class='ocrx_word' id='word_1_109' title='bbox 299 2219 513 2318; x_wconf 86' lang='lat' dir='ltr'><strong>recipiendis</strong></span> <span class='ocrx_word' id='word_1_110' title='bbox 545 2219 691 2319; x_wconf 76' lang='lat' dir='ltr'><strong>sublata</strong></span> <span class='ocrx_word' id='word_1_111' title='bbox 714 2231 808 2295; x_wconf 91' lang='lat' dir='ltr'><strong>sunt.</strong></span> <span class='ocrx_word' id='word_1_112' title='bbox 862 2217 968 2310; x_wconf 84' lang='lat' dir='ltr'><strong>Quod</strong></span> <span class='ocrx_word' id='word_1_113' title='bbox 984 2219 1133 2293; x_wconf 82' lang='lat' dir='ltr'><strong>¹ceteris·</strong></span> <span class='ocrx_word' id='word_1_114' title='bbox 1158 2217 1303 2318; x_wconf 91' lang='lat' dir='ltr'><strong>quidem</strong></span> <span class='ocrx_word' id='word_1_115' title='bbox 1327 2221 1446 2292; x_wconf 90' lang='lat' dir='ltr'><strong>minus</strong></span> 
     </span>
     <span class='ocr_line' id='line_1_16' title="bbox 196 2329 1447 2446; baseline -0.002 -24"><span class='ocrx_word' id='word_1_116' title='bbox 196 2347 296 2422; x_wconf 62' lang='lat' dir='ltr'><strong>‘vitio</strong></span> <span class='ocrx_word' id='word_1_117' title='bbox 330 2335 547 2422; x_wconf 88' lang='lat' dir='ltr'><strong>vertendum</strong></span> <span class='ocrx_word' id='word_1_118' title='bbox 581 2358 653 2422; x_wconf 80' lang='lat' dir='ltr'><strong>est</strong></span> <span class='ocrx_word' id='word_1_119' title='bbox 672 2357 780 2446; x_wconf 87' lang='lat' dir='ltr'><strong>quam</strong></span> <span class='ocrx_word' id='word_1_120' title='bbox 813 2348 937 2424; x_wconf 77' lang='lat' dir='ltr'><strong>Ioanni</strong></span> <span class='ocrx_word' id='word_1_121' title='bbox 967 2329 1211 2442; x_wconf 54' lang='lat' dir='ltr'><strong>dietabant,</strong></span> <span class='ocrx_word' id='word_1_122' title='bbox 1251 2347 1313 2446; x_wconf 88' lang='lat' dir='ltr'><strong>qui</strong></span> <span class='ocrx_word' id='word_1_123' title='bbox 1331 2367 1338 2381; x_wconf 64' lang='lat'><strong>&#39;¹</strong></span> <span class='ocrx_word' id='word_1_124' title='bbox 1348 2346 1447 2421; x_wconf 84' lang='lat' dir='ltr'><strong>Petri</strong></span> 
     </span>
     <span class='ocr_line' id='line_1_17' title="bbox 205 2473 1447 2574; baseline -0.002 -24"><span class='ocrx_word' id='word_1_125' title='bbox 205 2475 366 2551; x_wconf 80' lang='lat' dir='ltr'><strong>Danielis</strong></span> <span class='ocrx_word' id='word_1_126' title='bbox 392 2477 499 2550; x_wconf 64' lang='lat' dir='ltr'><strong>libro*</strong></span> <span class='ocrx_word' id='word_1_127' title='bbox 518 2475 564 2549; x_wconf 89' lang='lat' dir='ltr'><strong>de</strong></span> <span class='ocrx_word' id='word_1_128' title='bbox 589 2475 733 2574; x_wconf 89' lang='lat' dir='ltr'><strong>puriore</strong></span> <span class='ocrx_word' id='word_1_129' title='bbox 765 2475 1023 2550; x_wconf 82' lang='lat' dir='ltr'><strong>emendationis</strong></span> <span class='ocrx_word' id='word_1_130' title='bbox 1049 2475 1150 2549; x_wconf 86' lang='lat' dir='ltr'><strong>fonte</strong></span> <span class='ocrx_word' id='word_1_131' title='bbox 1175 2473 1359 2551; x_wconf 81' lang='lat' dir='ltr'><strong>admoneri</strong></span> <span class='ocrx_word' id='word_1_132' title='bbox 1385 2502 1447 2574; x_wconf 88' lang='lat' dir='ltr'><strong>po·</strong></span> 
     </span>
    </p>
   </div>
   <div class='ocr_carea' id='block_1_6' title="bbox 69 2601 1564 2830">
    <p class='ocr_par' dir='ltr' id='par_1_6' title="bbox 69 2601 1564 2830">
     <span class='ocr_line' id='line_1_18' title="bbox 69 2601 1447 2703; baseline -0.003 -24"><span class='ocrx_word' id='word_1_133' title='bbox 69 2657 77 2670; x_wconf 85' lang='lat'>-</span> <span class='ocrx_word' id='word_1_134' title='bbox 206 2606 296 2696; x_wconf 90' lang='lat' dir='ltr'><strong>tuit,</strong></span> <span class='ocrx_word' id='word_1_135' title='bbox 336 2617 374 2678; x_wconf 87' lang='lat' dir='ltr'><strong>et</strong></span> <span class='ocrx_word' id='word_1_136' title='bbox 408 2603 523 2702; x_wconf 83' lang='lat' dir='ltr'><strong>magis</strong></span> <span class='ocrx_word' id='word_1_137' title='bbox 555 2603 663 2677; x_wconf 86' lang='lat' dir='ltr'><strong>etiam</strong></span> <span class='ocrx_word' id='word_1_138' title='bbox 697 2603 805 2679; x_wconf 86' lang='lat' dir='ltr'><strong>chr.</strong></span> <span class='ocrx_word' id='word_1_139' title='bbox 833 2601 1101 2703; x_wconf 60' lang='lat' dir='ltr'><strong>Senemque,</strong></span> <span class='ocrx_word' id='word_1_140' title='bbox 1141 2603 1202 2702; x_wconf 89' lang='lat' dir='ltr'><strong>qui</strong></span> <span class='ocrx_word' id='word_1_141' title='bbox 1226 2605 1264 2676; x_wconf 93' lang='lat' dir='ltr'><strong>in</strong></span> <span class='ocrx_word' id='word_1_142' title='bbox 1290 2603 1447 2676; x_wconf 86' lang='lat' dir='ltr'><strong>editione</strong></span> 
     </span>
     <span class='ocr_line' id='line_1_19' title="bbox 205 2731 1564 2830; baseline 0 -22"><span class='ocrx_word' id='word_1_143' title='bbox 205 2759 274 2808; x_wconf 87' lang='lat' dir='ltr'><strong>sun</strong></span> <span class='ocrx_word' id='word_1_144' title='bbox 300 2759 395 2806; x_wconf 86' lang='lat' dir='ltr'><strong>¹cum</strong></span> <span class='ocrx_word' id='word_1_145' title='bbox 432 2733 553 2806; x_wconf 88' lang='lat' dir='ltr'><strong>varias</strong></span> <span class='ocrx_word' id='word_1_146' title='bbox 591 2743 757 2807; x_wconf 89' lang='lat' dir='ltr'><strong>veterum</strong></span> <span class='ocrx_word' id='word_1_147' title='bbox 800 2733 972 2808; x_wconf 87' lang='lat' dir='ltr'><strong>librorum</strong></span> <span class='ocrx_word' id='word_1_148' title='bbox 1017 2731 1188 2806; x_wconf 89' lang='lat' dir='ltr'><strong>lectiones</strong></span> <span class='ocrx_word' id='word_1_149' title='bbox 1227 2740 1448 2830; x_wconf 84' lang='lat' dir='ltr'><strong>congereret,</strong></span> <span class='ocrx_word' id='word_1_150' title='bbox 1544 2803 1564 2814; x_wconf 75' lang='grc'><strong>,.</strong></span> 
     </span>
    </p>
   </div>
   <div class='ocr_carea' id='block_1_7' title="bbox 205 2857 1542 3598">
    <p class='ocr_par' dir='ltr' id='par_1_7' title="bbox 205 2857 1542 3598">
     <span class='ocr_line' id='line_1_20' title="bbox 206 2857 1449 2960; baseline -0.003 -24"><span class='ocrx_word' id='word_1_151' title='bbox 206 2864 316 2936; x_wconf 85' lang='lat' dir='ltr'><strong>etiam</strong></span> <span class='ocrx_word' id='word_1_152' title='bbox 342 2860 669 2960; x_wconf 86' lang='lat' dir='ltr'><strong>praestantissimos</strong></span> <span class='ocrx_word' id='word_1_153' title='bbox 703 2859 793 2935; x_wconf 88' lang='lat' dir='ltr'><strong>duos</strong></span> <span class='ocrx_word' id='word_1_154' title='bbox 825 2861 950 2952; x_wconf 91' lang='lat' dir='ltr'><strong>libros,</strong></span> <span class='ocrx_word' id='word_1_155' title='bbox 994 2857 1206 2934; x_wconf 86' lang='lat' dir='ltr'><strong>Leidensem</strong></span> <span class='ocrx_word' id='word_1_156' title='bbox 1241 2870 1279 2933; x_wconf 90' lang='lat' dir='ltr'><strong>et</strong></span> <span class='ocrx_word' id='word_1_157' title='bbox 1303 2857 1449 2932; x_wconf 87' lang='lat' dir='ltr'><strong>Vossia-</strong></span> 
     </span>
     <span class='ocr_line' id='line_1_21' title="bbox 205 2987 1451 3086; baseline -0.004 -22"><span class='ocrx_word' id='word_1_158' title='bbox 205 2995 357 3081; x_wconf 75' lang='lat' dir='ltr'><strong>nmn11,</strong></span> <span class='ocrx_word' id='word_1_159' title='bbox 382 2989 594 3080; x_wconf 84' lang='lat' dir='ltr'><strong>accuratius,</strong></span> <span class='ocrx_word' id='word_1_160' title='bbox 620 3012 729 3086; x_wconf 87' lang='lat' dir='ltr'><strong>quam</strong></span> <span class='ocrx_word' id='word_1_161' title='bbox 754 2987 873 3063; x_wconf 90' lang='lat' dir='ltr'><strong>adhuc</strong></span> <span class='ocrx_word' id='word_1_162' title='bbox 892 2990 966 3064; x_wconf 88' lang='lat' dir='ltr'><strong>fere</strong></span> <span class='ocrx_word' id='word_1_163' title='bbox 987 2987 1064 3062; x_wconf 87' lang='lat' dir='ltr'><strong>fieri</strong></span> <span class='ocrx_word' id='word_1_164' title='bbox 1082 2987 1232 3081; x_wconf 74' lang='lat' dir='ltr'><strong>solebat,</strong></span> <span class='ocrx_word' id='word_1_165' title='bbox 1259 2987 1451 3086; x_wconf 87' lang='lat' dir='ltr'><strong>excerpsit,</strong></span> 
     </span>
     <span class='ocr_line' id='line_1_22' title="bbox 205 3114 1450 3215; baseline -0.003 -23"><span class='ocrx_word' id='word_1_166' title='bbox 205 3143 275 3192; x_wconf 91' lang='lat' dir='ltr'><strong>nec</strong></span> <span class='ocrx_word' id='word_1_167' title='bbox 301 3128 423 3192; x_wconf 89' lang='lat' dir='ltr'><strong>tamen</strong></span> <span class='ocrx_word' id='word_1_168' title='bbox 455 3116 504 3190; x_wconf 91' lang='lat' dir='ltr'><strong>ad</strong></span> <span class='ocrx_word' id='word_1_169' title='bbox 528 3114 705 3207; x_wconf 82' lang='lat' dir='ltr'><strong>Modiam,</strong></span> <span class='ocrx_word' id='word_1_170' title='bbox 740 3117 833 3190; x_wconf 89' lang='lat' dir='ltr'><strong>sicut</strong></span> <span class='ocrx_word' id='word_1_171' title='bbox 869 3141 1023 3215; x_wconf 88' lang='lat' dir='ltr'><strong>aequum</strong></span> <span class='ocrx_word' id='word_1_172' title='bbox 1054 3125 1147 3206; x_wconf 88' lang='lat' dir='ltr'><strong>erat,</strong></span> <span class='ocrx_word' id='word_1_173' title='bbox 1182 3115 1353 3207; x_wconf 89' lang='lat' dir='ltr'><strong>attendit,</strong></span> <span class='ocrx_word' id='word_1_174' title='bbox 1387 3126 1450 3188; x_wconf 88' lang='lat' dir='ltr'><strong>aut</strong></span> 
     </span>
     <span class='ocr_line' id='line_1_23' title="bbox 207 3243 1542 3344; baseline -0.004 -22"><span class='ocrx_word' id='word_1_175' title='bbox 207 3247 354 3322; x_wconf 91' lang='lat' dir='ltr'><strong>omnino</strong></span> <span class='ocrx_word' id='word_1_176' title='bbox 379 3245 574 3335; x_wconf 87' lang='lat' dir='ltr'><strong>intellexit,</strong></span> <span class='ocrx_word' id='word_1_177' title='bbox 601 3258 643 3317; x_wconf 88' lang='lat' dir='ltr'><strong>ut</strong></span> <span class='ocrx_word' id='word_1_178' title='bbox 667 3243 706 3317; x_wconf 93' lang='lat' dir='ltr'><strong>in</strong></span> <span class='ocrx_word' id='word_1_179' title='bbox 731 3243 923 3344; x_wconf 85' lang='lat' dir='ltr'><strong>proverbio</strong></span> <span class='ocrx_word' id='word_1_180' title='bbox 950 3252 1021 3335; x_wconf 89' lang='lat' dir='ltr'><strong>est,</strong></span> <span class='ocrx_word' id='word_1_181' title='bbox 1049 3243 1134 3342; x_wconf 92' lang='lat' dir='ltr'><strong>quid</strong></span> <span class='ocrx_word' id='word_1_182' title='bbox 1161 3243 1336 3319; x_wconf 90' lang='lat' dir='ltr'><strong>distarent</strong></span> <span class='ocrx_word' id='word_1_183' title='bbox 1363 3269 1449 3317; x_wconf 86' lang='lat' dir='ltr'><strong>aera</strong></span> <span class='ocrx_word' id='word_1_184' title='bbox 1538 3259 1542 3266; x_wconf 88' lang='grc'><em>“</em></span> 
     </span>
     <span class='ocr_line' id='line_1_24' title="bbox 206 3372 1451 3474; baseline -0.005 -25"><span class='ocrx_word' id='word_1_185' title='bbox 206 3375 352 3474; x_wconf 86' lang='lat' dir='ltr'><strong>lupinis.</strong></span> <span class='ocrx_word' id='word_1_186' title='bbox 418 3372 681 3447; x_wconf 89' lang='lat' dir='ltr'><strong>Verumtamen</strong></span> <span class='ocrx_word' id='word_1_187' title='bbox 718 3383 869 3470; x_wconf 84' lang='lat' dir='ltr'><strong>uterque</strong></span> <span class='ocrx_word' id='word_1_188' title='bbox 908 3397 931 3445; x_wconf 92' lang='lat' dir='ltr'><strong>a</strong></span> <span class='ocrx_word' id='word_1_189' title='bbox 964 3373 1087 3446; x_wconf 89' lang='lat' dir='ltr'><strong>critica</strong></span> <span class='ocrx_word' id='word_1_190' title='bbox 1125 3373 1263 3447; x_wconf 87' lang='lat' dir='ltr'><strong>ratione</strong></span> <span class='ocrx_word' id='word_1_191' title='bbox 1302 3372 1451 3470; x_wconf 90' lang='lat' dir='ltr'><strong>paulum</strong></span> 
     </span>
     <span class='ocr_line' id='line_1_25' title="bbox 208 3499 1453 3598; baseline -0.006 -20"><span class='ocrx_word' id='word_1_192' title='bbox 208 3503 359 3578; x_wconf 84' lang='lat' dir='ltr'><strong>alienior</strong></span> <span class='ocrx_word' id='word_1_193' title='bbox 384 3502 467 3592; x_wconf 87' lang='lat' dir='ltr'><strong>fuit,</strong></span> <span class='ocrx_word' id='word_1_194' title='bbox 494 3511 533 3574; x_wconf 89' lang='lat' dir='ltr'><strong>et</strong></span> <span class='ocrx_word' id='word_1_195' title='bbox 557 3499 821 3587; x_wconf 79' lang='lat' dir='ltr'><strong>Freinshemius</strong></span> <span class='ocrx_word' id='word_1_196' title='bbox 848 3499 991 3598; x_wconf 90' lang='lat' dir='ltr'><strong>quidem</strong></span> <span class='ocrx_word' id='word_1_197' title='bbox 1016 3511 1116 3574; x_wconf 89' lang='lat' dir='ltr'><strong>totus</strong></span> <span class='ocrx_word' id='word_1_198' title='bbox 1138 3500 1178 3574; x_wconf 92' lang='lat' dir='ltr'><strong>in</strong></span> <span class='ocrx_word' id='word_1_199' title='bbox 1205 3499 1376 3574; x_wconf 89' lang='lat' dir='ltr'><strong>historica</strong></span> <span class='ocrx_word' id='word_1_200' title='bbox 1401 3499 1453 3572; x_wconf 93' lang='lat' dir='ltr'><strong>in·</strong></span> 
     </span>
    </p>
   </div>
   <div class='ocr_carea' id='block_1_8' title="bbox 80 3626 1452 3730">
    <p class='ocr_par' dir='ltr' id='par_1_8' title="bbox 80 3626 1452 3730">
     <span class='ocr_line' id='line_1_26' title="bbox 80 3626 1452 3730; baseline -0.002 -28"><span class='ocrx_word' id='word_1_201' title='bbox 80 3685 92 3702; x_wconf 89' lang='lat'>.</span> <span class='ocrx_word' id='word_1_202' title='bbox 134 3693 137 3696; x_wconf 96' lang='lat'>.</span> <span class='ocrx_word' id='word_1_203' title='bbox 208 3630 469 3730; x_wconf 84' lang='lat' dir='ltr'><strong>terpretntione</strong></span> <span class='ocrx_word' id='word_1_204' title='bbox 494 3652 562 3727; x_wconf 88' lang='lat' dir='ltr'><strong>pro</strong></span> <span class='ocrx_word' id='word_1_205' title='bbox 586 3653 689 3703; x_wconf 91' lang='lat' dir='ltr'><strong>more</strong></span> <span class='ocrx_word' id='word_1_206' title='bbox 719 3629 813 3702; x_wconf 91' lang='lat' dir='ltr'><strong>illius</strong></span> <span class='ocrx_word' id='word_1_207' title='bbox 840 3629 972 3703; x_wconf 88' lang='lat' dir='ltr'><strong>saeculi</strong></span> <span class='ocrx_word' id='word_1_208' title='bbox 997 3629 1097 3702; x_wconf 91' lang='lat' dir='ltr'><strong>etin</strong></span> <span class='ocrx_word' id='word_1_209' title='bbox 1123 3626 1376 3702; x_wconf 89' lang='lat' dir='ltr'><strong>concinnandis</strong></span> <span class='ocrx_word' id='word_1_210' title='bbox 1402 3627 1452 3699; x_wconf 89' lang='lat' dir='ltr'><strong>la·</strong></span> 
     </span>
    </p>
   </div>
   <div class='ocr_carea' id='block_1_9' title="bbox 196 3753 1556 4624">
    <p class='ocr_par' dir='ltr' id='par_1_9' title="bbox 196 3753 1556 4624">
     <span class='ocr_line' id='line_1_27' title="bbox 209 3753 1451 3855; baseline -0.006 -20"><span class='ocrx_word' id='word_1_211' title='bbox 209 3759 463 3835; x_wconf 75' lang='lat' dir='ltr'><strong>bonosissimis</strong></span> <span class='ocrx_word' id='word_1_212' title='bbox 499 3757 756 3855; x_wconf 89' lang='lat' dir='ltr'><strong>supplementis</strong></span> <span class='ocrx_word' id='word_1_213' title='bbox 790 3767 1001 3855; x_wconf 86' lang='lat' dir='ltr'><strong>occupatus,</strong></span> <span class='ocrx_word' id='word_1_214' title='bbox 1041 3753 1333 3854; x_wconf 84' lang='lat' dir='ltr'><strong>Snakenburgius</strong></span> <span class='ocrx_word' id='word_1_215' title='bbox 1370 3779 1451 3828; x_wconf 89' lang='lat' dir='ltr'><strong>con·</strong></span> 
     </span>
     <span class='ocr_line' id='line_1_28' title="bbox 210 3882 1453 3990; baseline -0.005 -29"><span class='ocrx_word' id='word_1_216' title='bbox 210 3887 404 3990; x_wconf 83' lang='lat' dir='ltr'><strong>gregandis</strong></span> <span class='ocrx_word' id='word_1_217' title='bbox 429 3885 544 3982; x_wconf 86' lang='lat' dir='ltr'><strong>magis</strong></span> <span class='ocrx_word' id='word_1_218' title='bbox 571 3908 679 3981; x_wconf 92' lang='lat' dir='ltr'><strong>quam</strong></span> <span class='ocrx_word' id='word_1_219' title='bbox 705 3883 897 3958; x_wconf 91' lang='lat' dir='ltr'><strong>educendis</strong></span> <span class='ocrx_word' id='word_1_220' title='bbox 923 3885 959 3957; x_wconf 93' lang='lat' dir='ltr'><strong>in</strong></span> <span class='ocrx_word' id='word_1_221' title='bbox 985 3885 1098 3958; x_wconf 88' lang='lat' dir='ltr'><strong>aciem</strong></span> <span class='ocrx_word' id='word_1_222' title='bbox 1117 3882 1453 3979; x_wconf 89' lang='lat' dir='ltr'><strong>committendisque</strong></span> 
     </span>
     <span class='ocr_line' id='line_1_29' title="bbox 210 4009 1453 4110; baseline 0.002 -30"><span class='ocrx_word' id='word_1_223' title='bbox 210 4009 398 4084; x_wconf 90' lang='lat' dir='ltr'><strong>doctrinae</strong></span> <span class='ocrx_word' id='word_1_224' title='bbox 436 4012 547 4110; x_wconf 89' lang='lat' dir='ltr'><strong>copiis</strong></span> <span class='ocrx_word' id='word_1_225' title='bbox 586 4013 757 4087; x_wconf 76' lang='lat' dir='ltr'><strong>intentus</strong></span> <span class='ocrx_word' id='word_1_226' title='bbox 817 4011 1070 4086; x_wconf 83' lang='lat' dir='ltr'><strong>Recentiorum</strong></span> <span class='ocrx_word' id='word_1_227' title='bbox 1104 4011 1282 4086; x_wconf 91' lang='lat' dir='ltr'><strong>editorum</strong></span> <span class='ocrx_word' id='word_1_228' title='bbox 1317 4011 1453 4108; x_wconf 90' lang='lat' dir='ltr'><strong>primus</strong></span> 
     </span>
     <span class='ocr_line' id='line_1_30' title="bbox 209 4135 1454 4239; baseline -0.001 -27"><span class='ocrx_word' id='word_1_229' title='bbox 209 4136 312 4213; x_wconf 82' lang='lat' dir='ltr'><strong>Frid.</strong></span> <span class='ocrx_word' id='word_1_230' title='bbox 340 4135 575 4216; x_wconf 59' lang='lat' dir='ltr'><strong>&amp;madeas</strong></span> <span class='ocrx_word' id='word_1_231' title='bbox 599 4140 637 4213; x_wconf 92' lang='lat' dir='ltr'><strong>in</strong></span> <span class='ocrx_word' id='word_1_232' title='bbox 664 4139 820 4214; x_wconf 88' lang='lat' dir='ltr'><strong>editione</strong></span> <span class='ocrx_word' id='word_1_233' title='bbox 847 4136 1073 4239; x_wconf 84' lang='lat' dir='ltr'><strong>Gottingensi</strong></span> <span class='ocrx_word' id='word_1_234' title='bbox 1098 4165 1130 4212; x_wconf 86' lang='lat' dir='ltr'><strong>a.</strong></span> <span class='ocrx_word' id='word_1_235' title='bbox 1158 4142 1253 4214; x_wconf 88' lang='lat'>1803</span> <span class='ocrx_word' id='word_1_236' title='bbox 1276 4138 1454 4212; x_wconf 88' lang='lat' dir='ltr'><strong>aFreins·</strong></span> 
     </span>
     <span class='ocr_line' id='line_1_31' title="bbox 210 4265 1454 4367; baseline -0.003 -25"><span class='ocrx_word' id='word_1_237' title='bbox 210 4268 379 4342; x_wconf 91' lang='lat' dir='ltr'><strong>hemiano</strong></span> <span class='ocrx_word' id='word_1_238' title='bbox 405 4277 512 4341; x_wconf 89' lang='lat' dir='ltr'><strong>textu</strong></span> <span class='ocrx_word' id='word_1_239' title='bbox 547 4267 758 4367; x_wconf 89' lang='lat' dir='ltr'><strong>recipiendis</strong></span> <span class='ocrx_word' id='word_1_240' title='bbox 791 4269 946 4342; x_wconf 88' lang='lat' dir='ltr'><strong>maxime</strong></span> <span class='ocrx_word' id='word_1_241' title='bbox 980 4267 1176 4342; x_wconf 86' lang='lat' dir='ltr'><strong>Florentini</strong></span> <span class='ocrx_word' id='word_1_242' title='bbox 1208 4277 1245 4341; x_wconf 92' lang='lat' dir='ltr'><strong>et</strong></span> <span class='ocrx_word' id='word_1_243' title='bbox 1270 4265 1454 4341; x_wconf 90' lang='lat' dir='ltr'><strong>Leidensis</strong></span> 
     </span>
     <span class='ocr_line' id='line_1_32' title="bbox 211 4393 1455 4495; baseline -0.001 -27"><span class='ocrx_word' id='word_1_244' title='bbox 211 4393 455 4494; x_wconf 84' lang='lat' dir='ltr'><strong>Vossianique</strong></span> <span class='ocrx_word' id='word_1_245' title='bbox 481 4395 609 4494; x_wconf 89' lang='lat' dir='ltr'><strong>prioris</strong></span> <span class='ocrx_word' id='word_1_246' title='bbox 636 4421 684 4471; x_wconf 91' lang='lat' dir='ltr'><strong>ex</strong></span> <span class='ocrx_word' id='word_1_247' title='bbox 710 4399 880 4473; x_wconf 88' lang='lat' dir='ltr'><strong>thesauro</strong></span> <span class='ocrx_word' id='word_1_248' title='bbox 902 4395 1221 4495; x_wconf 75' lang='lat' dir='ltr'><strong>snakenburgiano</strong></span> <span class='ocrx_word' id='word_1_249' title='bbox 1243 4395 1455 4468; x_wconf 88' lang='lat' dir='ltr'><strong>lectionibus</strong></span> 
     </span>
     <span class='ocr_line' id='line_1_33' title="bbox 196 4519 1556 4624; baseline -0.002 -27"><span class='ocrx_word' id='word_1_250' title='bbox 196 4521 399 4598; x_wconf 24' lang='lat' dir='ltr'><strong>*discedere</strong></span> <span class='ocrx_word' id='word_1_251' title='bbox 426 4549 536 4598; x_wconf 89' lang='lat' dir='ltr'><strong>ausus</strong></span> <span class='ocrx_word' id='word_1_252' title='bbox 562 4534 628 4615; x_wconf 76' lang='lat' dir='ltr'><strong>est,</strong></span> <span class='ocrx_word' id='word_1_253' title='bbox 657 4527 713 4598; x_wconf 92' lang='lat' dir='ltr'><strong>cui</strong></span> <span class='ocrx_word' id='word_1_254' title='bbox 739 4527 856 4624; x_wconf 83' lang='lat' dir='ltr'><strong>gratia</strong></span> <span class='ocrx_word' id='word_1_255' title='bbox 880 4524 1048 4599; x_wconf 89' lang='lat' dir='ltr'><strong>habenda</strong></span> <span class='ocrx_word' id='word_1_256' title='bbox 1073 4535 1131 4598; x_wconf 89' lang='lat' dir='ltr'><strong>est</strong></span> <span class='ocrx_word' id='word_1_257' title='bbox 1156 4525 1193 4596; x_wconf 92' lang='lat' dir='ltr'><strong>in</strong></span> <span class='ocrx_word' id='word_1_258' title='bbox 1214 4547 1267 4615; x_wconf 89' lang='lat' dir='ltr'><strong>co,</strong></span> <span class='ocrx_word' id='word_1_259' title='bbox 1294 4519 1391 4620; x_wconf 91' lang='lat' dir='ltr'><strong>quod</strong></span> <span class='ocrx_word' id='word_1_260' title='bbox 1408 4519 1455 4595; x_wconf 88' lang='lat' dir='ltr'><strong>de</strong></span> <span class='ocrx_word' id='word_1_261' title='bbox 1554 4547 1556 4551; x_wconf 91' lang='lat'>·</span> 
     </span>
    </p>
   </div>
   <div class='ocr_carea' id='block_1_10' title="bbox 0 0 1650 5042">
    <p class='ocr_par' dir='ltr' id='par_1_10' title="bbox 0 0 1650 5042">
     <span class='ocr_line' id='line_1_34' title="bbox 0 0 1650 5042; baseline 0 0"><span class='ocrx_word' id='word_1_262' title='bbox 0 0 1650 5042; x_wconf 95' lang='lat' dir='ltr'><strong> </strong></span> 
     </span>
    </p>
   </div>
  </div>
 </body>
</html>
