3336 5066
163 251 275 422 192¹·
427 299 445 402 j
653 325 687 390 o.
706 323 831 376 curru
855 325 942 376 surr

46 527 47 532 ’
159 513 266 598 lacre,
293 533 367 580 non
392 510 555 586 homines
581 511 812 601 videbantur,
838 533 904 582 nec
930 507 1120 604 quicquam
1146 513 1183 584 iu
1210 511 1278 584 illis
1305 535 1407 611 prae·
1513 527 1519 534 '

159 631 217 692 ter
241 643 369 692 vocem
396 632 541 719 poterat
565 624 720 724 agnosci.
772 620 899 694 Plures
925 619 1035 718 igitur
1059 619 1223 694 lacrimas
1250 649 1407 696 commo·

160 754 262 820 vere,
294 757 402 828 quam
433 737 669 832 profuderant
694 735 778 831 ipsi:
812 734 943 831 quippe
969 730 1006 802 in
1033 739 1107 800 tam
1133 731 1318 830 multiplici
1344 761 1408 806 va·

159 841 283 940 risque
309 844 456 918 fortuna
481 845 723 944 singulorum,
747 845 968 917 intuentibus
994 841 1126 914 similes
1153 841 1314 938 quidem,
1341 844 1408 917 sed

161 961 283 1028 tamen
318 952 481 1052 dispares
512 978 662 1051 poenas,
695 953 774 1048 quis
802 955 957 1025 maxime
989 953 1199 1026 miserabilis
1226 963 1341 1041 esset,
1368 953 1408 1024 li·

160 1089 270 1160 quere
302 1089 376 1135 non
409 1073 562 1159 poterat.
615 1059 665 1132 Ut
696 1085 784 1132 vero
817 1058 940 1132 Iovem
971 1062 1020 1132 illi
1054 1061 1202 1136 tandem
1234 1061 1442 1138 Graeciaea

160 1175 314 1246 ultorem
341 1173 526 1268 aperuisse
551 1169 673 1244 oculos
701 1168 985 1258 conclamavere,
1019 1195 1143 1244 omnes
1170 1177 1248 1270 pari
1274 1174 1408 1274 suppli·

160 1283 215 1354 cio
250 1281 369 1354 affecti
404 1283 472 1355 sibi
503 1281 728 1355 videbantur.
790 1279 871 1355 Rex
898 1279 1087 1370 abstersis,
1124 1306 1213 1378 quas
1240 1277 1408 1380 profude-

159 1401 234 1482 rat,
269 1392 442 1483 lacrimis,
475 1393 610 1466 bonum
635 1391 768 1466 habere
795 1392 953 1464 animum
979 1390 1094 1482 iubet,
1129 1393 1271 1468 visuros
1298 1395 1408 1467 urbes

161 1525 246 1576 suas
289 1503 547 1602 coniugesque:
587 1513 625 1577 et
665 1514 785 1576 castra
822 1500 906 1576 inde
953 1501 1026 1575 duo
1069 1503 1115 1574 ab
1157 1505 1247 1579 urbo
1287 1505 1408 1578 stadia

161 1615 367 1687 communit
877 1621 886 1636 '

112 1727 166 1799 18·
266 1721 394 1797 Graeci
420 1737 652 1798 excesserant
677 1724 784 1812 vallo,
799 1721 1040 1812 deliberaturi,
1068 1723 1154 1820 quid
1180 1724 1442 1820 potissimums

161 1861 184 1908 a
209 1857 294 1931 rege
325 1843 512 1930 peterent:
549 1858 700 1931 cumque
735 1833 813 1906 aliis
840 1832 963 1904 sedem
988 1832 1025 1904 in
1050 1833 1140 1906 Asia
1164 1857 1303 1930 rogare,
1327 1835 1409 1906 aliis

161 1943 295 2017 reverti
322 1942 450 2017 domos
477 1945 650 2042 placeret,
681 1943 882 2018 Euctemon
909 1940 1087 2042 Cymaeus
1114 1945 1166 2016 ita
1191 1944 1334 2016 locutus
1359 1942 1408 2016 ad

161 2079 224 2129 eos
250 2055 380 2128 fertur:
406 2055 449 2147 Ii,
476 2055 538 2155 qui
560 2055 656 2130 nodo
681 2056 781 2129 clim
806 2055 855 2128 ad
879 2079 975 2152 opem
996 2053 1175 2150 petendam
1199 2079 1241 2126 ee
1267 2054 1407 2142 matrab
1427 2073 1461 2121 ro

161 2178 193 2240 ct
216 2189 348 2240 carcere
374 2167 558 2265 procedere
583 2166 790 2258 erubuimus,
824 2177 862 2238 aa
885 2189 974 2238 nunc
1005 2177 1067 2257 est,
1100 2165 1269 2264 supplicae
1293 2177 1416 2241 noeto·

161 2366 207 2433 lit,
232 2382 296 2420 vem
327 2365 515 2420 observatione
536 2364 766 2420 Drakenborcbiua
801 2365 946 2431 Eulemon,
973 2362 1034 2416 nld.
1053 2364 1192 2432 Eutime,
1210 2368 1268 2418 Iun.
1286 2372 1315 2418 et
1331 2365 1409 2419 Mod.

161 2434 296 2502 ebutiau,
318 2443 350 2488 ut
368 2437 535 2517 §capitatur
552 2434 631 2488 etiam
648 2434 767 2515 ubinou
801 2433 954 2500 Euctonon,
974 2431 1069 2484 deiude
1085 2449 1176 2486 narsus
1186 2434 1343 2502 Euthynon,
1361 2433 1411 2486 red

161 2511 337 2625 atat
359 2503 621 2626 dimit?
628 2502 768 2626 ὃὲῗὲῆῗᾶ
801 2501 855 2622 tt
871 2499 1116 2648 &malm
1133 2499 1240 2622 tlt
1252 2501 1410 2624 “iffi

161 2653 203 2707 1¹,
222 2646 253 2706 2,
273 2647 314 2693 1³.
802 2637 926 2708 frequens
944 2645 1023 2690 estet
1040 2637 1066 2690 le
1093 2635 1182 2691 turin
1199 2637 1315 2691 ΒΜΔ
1333 2637 1409 2691 Laid

193 2713 223 2775 s.
244 2713 269 2761 8.
303 2710 394 2777 offecti
410 2709 463 2762 siti
480 2709 645 2779 videbuntur]
670 2707 768 2760 Adhuc
803 2707 907 2760 Vosel
927 2706 998 2759 Flor.
1009 2705 1043 2770 G,
1089 2715 1204 2760 mterncn
1221 2707 1250 2759 in
1267 2705 1410 2773 Floras,

162 2775 324 2829 Macedones
348 2775 510 2830 miserabiles
536 2776 595 2828 illos
612 2790 688 2829 senes
705 2792 768 2828 con-
801 2776 947 2828 Eetioneia
970 2773 997 2826 iu
1024 2773 1096 2827 Flor.
1120 2774 1184 2839 DF,
1211 2776 1358 2828 ,anam
1381 2773 1410 2828 in

162 2843 768 2982 tttttl‘ttt²¹¹¹¹.t‘⁰.tt.⁸tttt”t²
801 2842 1135 2980 altbftb‘tt
1152 2842 1321 2964 bttt
1337 2842 1409 2964 ld*

162 2996 370 3128 erza..
339 2979 769 3118 nm...
802 2978 1318 3128 5...qu
1337 3015 1412 3117 ..2

163 3115 234 3169 trlatr
259 3117 442 3196 viderentur..
470 3116 663 3196 Elxplrcandum
695 3117 768 3183 dun,
798 3119 940 3196 petendam
957 3145 992 3156 --
1009 3116 1170 3195 erubuimus]
1206 3115 1286 3168 Edrdr
1311 3117 1333 3168 ii
1360 3132 1411 3186 pro

183 3185 237 3238 uod
260 3192 288 3264 et
312 3184 375 3238 olrm
392 3184 529 3264 Acrflahus
552 3193 581 3237 et
598 3201 682 3255 nuper
698 3201 769 3237 eom·
803 3184 876 3304 vulp
894 3187 920 3236 lo
938 3191 1098 3236 auctoritate
1111 3193 1271 3253 optimorum
1281 3183 1413 3237 bbrorum

163 3253 770 3400 pretermittimus:
804 3251 1343 3400 narrassem-..t
1356 3251 1413 3399 ..t

164 3387 246 3442 eitum
269 3404 331 3440 eum
356 3406 402 3458 qur
420 3388 532 3442 Lrvreno
551 3390 655 3441 dicendi
673 3403 770 3458 genere
805 3388 882 3442 elrcer
908 3389 1005 3440 dixeris
1024 3405 1103 3468 quam
1118 3390 1145 3442 is
1163 3407 1207 3458 pur
1225 3390 1343 3454 embuit,
1361 3395 1414 3440 rta-

163 3464 283 3510 assuetus
300 3465 342 3509 est
359 3457 446 3509 minus
461 3456 596 3510 offendere
606 3465 695 3528 potest
704 3456 771 3523 (rid.
823 3473 857 3509 ue
874 3455 994 3510 sirniliter
1011 3457 1134 3509 ridentur
1151 3465 1254 3510 veteres
1271 3456 1299 3509 in
1316 3455 1414 3527 plurali

163 3524 265 3579 Handii
288 3523 402 3578 Turseli.
430 3524 492 3578 Vol.
519 3539 554 3576 m
599 3565 605 3577 .
631 3529 713 3593 ³08),
737 3524 771 3577 es.
805 3475 910 3578 dixisse.
946 3523 1053 3578 Modius
1084 3525 1212 3578 audacter
1238 3543 1287 3579 nos
1313 3523 1414 3596 posuit.

164 3593 246 3646 etiam
269 3609 332 3646 mox
358 3610 381 3646 c.
399 3599 433 3646 20
452 3595 476 3660 ξ.
496 3601 537 3646 17.
609 3591 694 3645 dmei
731 3591 771 3644 ui-
806 3593 862 3647 Sed
879 3594 957 3646 etiem
975 3591 1066 3645 addidi
1083 3609 1118 3645 ex
1135 3592 1258 3646 omnibus
1270 3593 1344 3647 mstis
1357 3607 1415 3645 me-

165 3662 227 3714 dem
244 3659 305 3714 libri
323 3677 415 3714 omnes
433 3679 493 3714 cum
511 3661 585 3715 Leid.
603 3663 703 3715 Vocet
743 3677 772 3712 a·
807 3661 880 3714 lieris
898 3678 983 3730 aeque
1001 3679 1033 3714 ac
1049 3661 1189 3714 deterioris
1207 3671 1296 3715 notae

165 3731 231 3784 beot
253 3737 359 3782 numm
386 3732 423 3782 in.
467 3733 567 3782 Verum
595 3730 659 3800 quid
692 3729 773 3782 faciae
841 3739 870 3783 ut
887 3747 956 3782 nunc
974 3740 1012 3783 est
1030 3732 1163 3810 supplicio
1185 3733 1286 3798 noem}
1322 3729 1415 3782 Verba

121 3835 126 3840 -
166 3797 268 3852 istisin
287 3799 339 3850 duo
356 3799 390 3850 ab
408 3799 472 3850 urbe
490 3798 647 3860 stadio,nisi
678 3798 774 3851 robure
807 3807 836 3851 ut
853 3816 922 3851 nunc
939 3808 977 3851 eet
994 3797 1114 3868 explica:
1134 3805 1165 3850 ut
1182 3815 1253 3852 nunc
1269 3813 1353 3852 resse
1367 3798 1416 3850 ha-

165 3864 251 3938 possis
268 3867 297 3917 in
316 3881 377 3918 cum
394 3866 645 3920 aecusativolatioo
672 3865 705 3918 ‘ei
742 3883 773 3920 ro
807 3867 863 3932 bet,
881 3865 898 3919 i.
916 3883 939 3918 e.
957 3867 1009 3920 hoo
1027 3867 1134 3936 quidem
1151 3867 1227 3920 loco:
1269 3883 1319 3920 uae
1344 3883 1417 3920 nune

166 3933 269 3989 surde!
304 3934 425 3986 Accedat
443 3933 532 4013 'igitur
555 3935 606 3988 hoo
623 3883 774 4004 exemplbm
808 3934 940 3988 sententia
965 3943 1054 3988 vestra
1088 3935 1194 3988 videtur
1229 3885 1272 3987 vel
1306 3934 1415 3987 maioris

165 4002 233 4067 illis,
257 4017 325 4072 quae
347 4020 396 4072 pro
423 4001 561 4072 diligentie
583 4020 631 4055 sua
653 4003 775 4056 Draken-
829 4004 893 4056 artis
919 4011 1044 4057 vestrum.
1089 4004 1194 4056 Laudat
1221 4003 1302 4056 Snek.
1330 4001 1415 4055 Asinii

166 4069 293 4124 borebius
311 4071 346 4122 ad
363 4069 432 4123 Livii
450 4069 494 4123 lib.
510 4085 542 4150 Ji,
561 4077 604 4136 20,
623 4078 638 4124 t
656 4071 772 4142 collegit,
807 4021 939 4126 lollionie
957 4073 1041 4142 ‘epist
1068 4072 1138 4125 inter
1164 4071 1302 4125 Tullianae
1319 4085 1354 4134 x,
1381 4077 1414 4125 sl

167 4145 376 4210 permutetarum
395 4155 491 4192 vocum
509 4138 621 4192 rllanrm.
809 4149 876 4194 aab.
893 4143 1024 4206 constituri,
1042 4151 1075 4193 ut
1092 4158 1177 4194 nunc
1195 4151 1256 4207 est,
1275 4157 1417 4194 cernerer·

204 4206 269 4276 Cap.
290 4212 330 4271 18,
350 4209 373 4272 ξ.
393 4215 417 4262 9.
445 4209 532 4260 eedem
550 4210 578 4259 in
596 4210 665 4260 Asia
683 4224 774 4262 omnes
807 4212 862 4263 citu
874 4211 1028 4278 proficisci,
1054 4209 1072 4261 i.
1099 4225 1122 4261 e.
1149 4209 1217 4262 sicut
1233 4227 1304 4263 nunc
1321 4208 1417 4262 sentio.

166 4273 219 4327 mei
237 4281 265 4326 et
282 4273 364 4327 Snak.
383 4273 453 4328 libri.
489 4275 579 4397 vulfio
598 4279 680 4355 sedes.
807 4278 895 4332 Aliter
912 4295 961 4330 nee
978 4287 1065 4330 tamen
1089 4277 1209 4331 dissimili
1236 4277 1341 4331 ratione
1360 4277 1416 4331 cic.

167 4343 346 4464 hrpnffl
367 4343 543 4484 blmiipla
570 4345 774 4468 libilidi
808 4347 1127 4484 mittat&
1139 4349 1418 4469 &bilbili

188 4450 195 4463 ⁸
229 4451 236 4464 ⁸
877 4455 884 4482 l
