3258 5120
572 367 621 418 nn
648 365 776 419 susus
802 361 911 420 snex.
943 370 994 441 rx,
1020 367 1062 417 ss.
1364 349 1438 422 475

200 543 382 641 fastigium
414 561 680 645 occupaverant
711 549 848 624 undae:
888 573 970 623 cum
1002 548 1120 622 subito
1152 575 1269 625 novus
1302 563 1340 626 et
1370 553 1439 652 prl-

8 679 11 724 ι
139 671 180 719 20
200 653 295 725 stino
349 655 463 729 maior
507 669 625 735 terror
662 661 844 733 incutitur.
910 657 1135 757 Reciprocari
1174 662 1293 758 coepit
1331 687 1438 751 mere,

200 787 332 860 magno
358 777 478 840 tractu
503 773 604 868 equis
632 773 667 842 in
695 793 800 842 suum
832 770 965 842 fretum
995 771 1277 860 recurrentibus,
1314 772 1439 846 redde·

201 873 334 970 batque
359 887 474 954 terras
501 883 607 980 paulo
634 890 719 952 ante
745 878 923 976 profundo
950 881 1025 952 salo
1052 905 1197 954 mersas.
1242 879 1355 978 Igitur
1380 882 1439 955 de·

199 985 327 1058 stituta
351 991 496 1090 navigia
521 992 590 1063 alia
616 989 898 1087 praecipitantur
923 991 960 1062 in
991 1015 1132 1088 proras,
1171 991 1240 1062 alia
1264 992 1301 1064 in
1328 993 1441 1065 latera

199 1097 449 1194 procumbunt
496 1098 607 1174 Strati
633 1109 737 1173 erant
762 1100 879 1196 campi
905 1101 1062 1188 sarcinis,
1090 1101 1207 1192 armis,
1234 1103 1441 1176 avulsarum

143 1206 405 1282 stabularum
441 1235 693 1307 remorumque
732 1212 952 1308 fragmentis.
1004 1209 1106 1283 Miles
1143 1234 1209 1284 nec
1246 1213 1369 1312 egredi
1405 1214 1442 1286 in

201 1327 344 1410 terram,
369 1344 436 1393 uec
462 1321 499 1393 in
524 1343 619 1394 nave
646 1321 842 1396 subsistere
864 1319 1031 1412 audebat,
1058 1321 1251 1396 identidem
1277 1347 1441 1420 praesen·

201 1429 298 1502 tibus
331 1429 517 1528 graviora,
557 1454 650 1527 quae
685 1441 939 1528 sequerentur,
979 1443 1209 1532 expectans·
1243 1433 1317 1506 Vix
1351 1458 1443 1530 quac

201 1539 495 1638 perpetiebantur
519 1540 645 1615 videre
675 1542 773 1638 ipsos
806 1539 1017 1634 credebant,
1050 1545 1088 1618 in
1119 1545 1213 1616 sicco
1245 1544 1440 1642 naufragia,

148 1667 183 1716 22
203 1649 240 1722 in
266 1650 362 1723 amni
388 1675 497 1727 mare
549 1649 625 1726 Nec
650 1651 730 1724 finis
765 1651 952 1725 melorum.
1005 1650 1145 1752 Quippe
1170 1663 1310 1728 assum
1335 1654 1443 1750 paulo

202 1771 288 1858 post
311 1786 410 1838 mare
434 1763 650 1853 relaturum,
682 1787 754 1860 quo
779 1763 925 1860 navigia
950 1765 1206 1855 allevarentur,
1238 1762 1368 1862 ignari,
1393 1763 1443 1836 la·

202 1896 297 1946 mem
329 1883 368 1947 et
397 1874 523 1948 ultima
555 1873 699 1948 sibimet
730 1873 991 1947 ominabantur.
1044 1874 1177 1950 Beluae
1208 1899 1349 1974 quoque
1380 1873 1444 1948 flu·

202 1983 320 2057 ctibus
346 1982 541 2059 destitutae
567 1983 743 2058 terribiles
769 1983 1007 2082 vagabantur.

150 2110 184 2161 es
305 2093 452 2192 lemque
483 2119 559 2169 nox
590 2093 803 2194 appetebat,
843 2104 881 2168 et
913 2119 1037 2194 regem
1068 2122 1209 2195 quoque
1240 2095 1493 2194 desperatio3'l

203 2203 329 2279 salutis
354 2205 577 2304 aegritudine
603 2207 782 2281 affecerat.
836 2201 917 2279 Non
944 2217 1065 2281 temen
1090 2208 1262 2281 invictum
1288 2207 1445 2280 animum

204 2337 311 2388 curae
336 2315 505 2407 obruunt,
532 2317 618 2414 quin
642 2326 723 2390 tota
747 2325 855 2390 nocte
880 2316 1080 2416 persideret
1100 2319 1138 2391 in
1159 2317 1323 2417 speculis,
1349 2319 1445 2415 equi·

188 2434 332 2524 ·tesque
358 2427 605 2526 praemitteret
629 2425 678 2501 ed
703 2451 745 2501 os
771 2427 897 2517 amnis,
923 2438 975 2519 ut,
1002 2453 1083 2502 cum
1108 2451 1206 2502 mere
1231 2451 1355 2502 rursus
1383 2453 1444 2503 ex·

153 2553 186 2602 ²4
204 2546 369 2636 aestuare
393 2539 605 2631 sensissent,
630 2537 896 2638 praecederent
948 2537 1101 2638 Navigia
1125 2563 1267 2636 quoque
1293 2550 1331 2612 et
1354 2539 1444 2613 luce·

205 2657 285 2720 reta
310 2647 422 2738 refici,
455 2657 492 2722 et
518 2673 646 2722 eversa
670 2647 839 2742 fluctibus
865 2651 953 2748 erigi
977 2649 1093 2740 iubet,
1125 2659 1340 2749 paratosque
1366 2663 1450 2724 esse‘

155 2773 187 2824 ss
206 2765 243 2830 et
273 2757 447 2850 intentos,
482 2784 564 2832 cum
589 2783 715 2834 rursus
740 2783 841 2834 mare
865 2770 981 2835 terras
1014 2760 1232 2835 inundasset
1284 2761 1377 2835 Tota
1402 2786 1446 2835 ea

204 2878 312 2942 nocte
346 2869 440 2942 inter
471 2871 611 2968 vigilias
646 2867 989 2969 adhortationesque
1024 2880 1249 2970 consumpta,
1284 2871 1445 2945 celeriter

199 2987 244 3054 et
275 2981 412 3077 equites
443 2981 580 3080 ingenti
610 3005 718 3055 cursu
749 2982 929 3079 refugere,
969 2991 1007 3057 et
1043 2991 1186 3056 secutus
1221 2992 1278 3056 est
1303 2991 1391 3055 eest
1435 3037 1443 3053 .

207 3225 332 3344 &pontt
375 3226 504 3346 laeum·
529 3226 685 3348 satum]
732 3223 811 3348 Ἧι
844 3225 953 3348 gillo
970 3245 1023 3348 supp
1046 3224 1140 3348 im
1155 3241 1205 3280 uec
1230 3232 1336 3280 tentum
1357 3223 1395 3278 illi
1417 3223 1445 3279 iu

298 3309 358 3346 erus
395 3309 412 3344 u
505 3310 582 3347 orrum
634 3311 642 3346 ι
798 3323 810 3337 -
912 3310 994 3349 evron
1014 3313 1044 3348 us
1140 3333 1148 3347 .

206 3357 246 3413 los
264 3359 349 3430 fugit,
367 3310 415 3432 plia
432 3377 467 3413 vu
477 3367 542 3431 gete
558 3311 811 3416 omniumrblddicum
877 3367 1060 3432 praecederent
1077 3361 1149 3416 edidi
1170 3379 1219 3436 pro
1236 3361 1307 3432 vulg.
1321 3363 1445 3432 procede·

206 3425 338 3548 periptprs
353 3430 382 3482 ia
399 3445 478 3484 neves
500 3429 667 3510 scribendusp
688 3445 747 3484 esse
762 3429 810 3510 de·
844 3441 911 3496 rent,
928 3432 971 3485 cui
988 3431 1032 3485 hic
1049 3431 1119 3512 loeus
1136 3449 1190 3486 non
1206 3439 1248 3484 est
1266 3439 1356 3510 aptus,
1371 3447 1445 3551 ¹‘suern

206 3495 415 3646 {isim
439 3497 558 3645 ,ttltl
586 3514 810 3648 ,ἔᾷῗῶἲὲ
839 3501 985 3648 iim
999 3497 1445 3648 ttttptlttfflett

206 3631 238 3686 hs
254 3641 381 3704 suppetit,
420 3651 460 3687 urs
477 3634 512 3688 de
524 3636 724 3716 exeepuombus
742 3650 810 3705 quse
844 3634 896 3689 furt
916 3644 997 3690 etum
1019 3654 1064 3707 qur
1085 3639 1254 3692 resecem
1276 3635 1371 3702 vellet,
1398 3635 1444 3688 sed

205 3708 234 3754 et
249 3717 326 3755 rarae
342 3711 372 3756 et
388 3651 496 3756 ulterius
513 3719 618 3774 genens
636 3713 713 3771 sunt,
735 3701 808 3774 loqui
838 3707 998 3773 praecedere
1014 3704 1149 3759 debebant
1160 3703 1238 3758 meris
1252 3711 1362 3758 aestum.
1382 3702 1445 3756 Est-

204 3767 288 3822 velit?
843 3788 896 3843 que
912 3771 982 3826 idem
999 3772 1137 3827 &cumen
1150 3774 1290 3827 verborum
1307 3771 1378 3842 quod
1395 3788 1445 3824 no·

240 3840 314 3906 §.22
350 3837 409 3891 Nee
421 3839 504 3910 finis]
558 3857 604 3893 nee
625 3856 716 3896 omnes
737 3838 809 3894 codi-
844 3849 941 3894 strates
958 3841 1058 3896 faciunt
1078 3840 1149 3895 inter
1170 3843 1286 3911 perpetes
1303 3849 1332 3893 et
1348 3843 1443 3901 sorbers

205 3921 248 3959 ces
265 3905 347 3960 nostri
364 3915 393 3958 et
410 3905 485 3962 Leid.
534 3925 586 3962 oss.
606 3914 622 3962 2
641 3909 711 3980 apud
726 3907 808 3962 Smk.
845 3913 924 3978 geben.
952 3909 1061 3964 Codices
1070 3909 1246 3979 sulemlonge
1254 3907 1341 3979 plures
1352 3924 1445 3978 praee.

240 3972 359 4046 Capti,
377 3977 452 4043 §.tt
466 3978 617 4056 persidem
635 3977 808 4047 insperatis]
843 3995 921 4048 quern
938 3981 1081 4048 procedere
1102 3977 1244 4042 exhibent,
1271 3975 1394 4030 uiminsm
1411 3977 1445 4029 de

206 4039 282 4095 Luri
298 4042 364 4096 editi
414 4047 556 4110 emoleret,
579 4045 672 4124 scripti
711 4047 809 4099 enide-
844 4045 941 4100 nostris
958 4046 1030 4100 Flor.
1045 4045 1164 4100 DFGHI
1180 4045 1216 4114 (ll
1230 4047 1443 4115 praetenderent)

205 4119 253 4164 ret.
287 4109 346 4190 Nep
388 4111 478 4165 ubium
498 4121 552 4177 est,
579 4121 646 4166 utris
675 4063 740 4192 tides
762 4113 809 4166 be·
843 4121 872 4166 et
888 4114 970 4168 Snnk.
987 4113 1061 4167 Leid.
1079 4117 1177 4168 Vossl
1196 4113 1284 4194 (quod
1301 4111 1386 4193 fetepr
1402 4129 1445 4166 me

205 4177 294 4232 beuda
320 4187 369 4245 ert,
400 4181 508 4250 quando
528 4181 616 4234 uidem
643 4181 810 4254 praesidendi
843 4181 953 4249 mirari).
988 4183 1091 4237 Sedis
1113 4183 1162 4238 hac
1186 4181 1292 4254 quidem
1314 4189 1445 4235 verietate

204 4247 314 4300 verbum
336 4248 362 4300 b.
375 4247 391 4300 l.
410 4266 464 4302 non
487 4249 571 4302 beet
591 4267 645 4320 quo
667 4251 806 4306 reseretur.
843 4251 888 4304 vix
909 4251 1056 4321 vulgarium
1076 4251 1196 4306 codicum
1219 4250 1383 4321 expectanda
1404 4257 1445 4302 est

204 4314 311 4369 Medius
328 4314 433 4386 quidem
449 4317 475 4370 ln
489 4318 542 4371 suis
556 4318 714 4372 membranis
724 4317 810 4371 omni·
843 4320 994 4374 auctoritas.

204 4384 254 4438 bus
275 4388 438 4454 persederet,
464 4385 556 4440 littere
582 4386 709 4457 primitivi
732 4403 809 4440 vocs·
878 4393 954 4454 §.tt
979 4399 1002 4442 et
1020 4389 1149 4458 lacerata]
1176 4387 1276 4442 Addidi
1293 4398 1317 4442 et
1334 4387 1443 4440 iubente

205 4451 261 4506 buli
274 4469 328 4507 uon
339 4463 450 4523 mauu,
469 4469 527 4509 esse
541 4455 659 4510 noterit:
676 4471 809 4528 egomeos
843 4456 964 4512 codicum
981 4473 1118 4512 consensu.
