3354 5052
232 331 304 403 358
701 349 734 410 Q·
763 345 887 398 cuarn
911 345 995 398 anri

228 554 308 602 rum
334 553 461 628 greges
487 531 584 604 clusi.
638 527 818 629 Spatiosas
845 529 892 604 ad
918 531 987 603 hoc
1013 529 1150 626 eligunt
1176 531 1302 618 silvas,
1335 527 1473 602 crebris
1496 545 1530 592 12

230 640 439 737 perennium
466 667 639 740 aquarum
665 641 822 715 fontibus
848 663 1035 725 amoenas3
1075 641 1186 711 muris
1219 664 1368 712 nemora
1397 640 1473 711 cin·

228 761 372 848 guntur,
398 761 587 850 turresque
612 753 746 826 habent
769 751 978 824 venantium
1003 749 1238 844 receptacula
1288 747 1474 836 Quattuor
1498 771 1529 816 rs

228 865 405 938 continuis
431 864 609 938 aetatibus
634 867 806 937 intactum
832 859 964 932 saltum
990 859 1099 931 fuisse
1125 858 1335 948 constabat;
1362 883 1474 954 quem

228 973 436 1048 Alexander
475 999 556 1046 cum
594 983 672 1044 toto
711 972 869 1043 exercitu
905 969 1102 1066 ingressus,
1142 971 1270 1068 agitari
1311 967 1473 1066 undique

226 1087 321 1159 feras
348 1086 460 1158 iussit.
513 1081 611 1152 Inter
636 1106 724 1176 quas
750 1105 831 1152 cum
855 1081 912 1154 leo
939 1079 1194 1178 magnitudinis
1221 1105 1325 1154 rarae
1352 1081 1474 1178 ipsum
1497 1101 1532 1147 ιι

227 1217 349 1290 regem
374 1195 565 1266 invasurus
591 1191 801 1280 incurreret,
841 1193 934 1264 forte
960 1190 1212 1290 Lysimachus,
1253 1191 1314 1286 qui
1342 1199 1474 1287 postea

227 1304 407 1400 regnavit,
447 1305 633 1402 proximus
664 1302 887 1394 Alexandro,
928 1303 1147 1376 venabulum
1181 1301 1337 1374 obiicere
1371 1299 1473 1372 lerae

149 1485 152 1491 .
228 1425 404 1511 coeperat
458 1413 538 1504 Quo
564 1439 629 1487 rex
655 1416 798 1514 repulso
823 1424 861 1487 et
886 1414 985 1487 abire
1015 1416 1112 1487 iusso
1119 1469 1128 1503 ,
1164 1411 1310 1502 adiecit,
1345 1421 1423 1482 tam
1449 1435 1474 1482 a

199 1527 342 1600 'semet
387 1551 458 1600 uno
505 1551 614 1625 quam
651 1551 674 1598 a
711 1523 923 1623 Lysimacho
967 1524 1107 1596 leonem
1151 1521 1302 1596 interfici
1351 1545 1471 1620 posse

227 1633 461 1736 Lysimachus
487 1637 582 1709 enim
607 1635 786 1732 quondam
817 1659 899 1706 cum
931 1645 1124 1706 venaretur
1156 1635 1192 1705 in
1219 1629 1341 1730 Syria,
1380 1633 1471 1705 occi·
1496 1653 1528 1700 rs
1573 1644 1579 1652 ’

229 1746 333 1820 deret
357 1743 501 1843 quidem
528 1745 678 1819 eximiae
704 1743 957 1844 magnitudinis
983 1743 1096 1815 feram
1122 1745 1238 1832 solus,
1271 1741 1338 1816 sed
1363 1743 1472 1817 laevo

227 1857 378 1930 humero
403 1879 516 1953 usque
542 1854 590 1929 ad
616 1881 697 1930 ossa
728 1857 903 1928 laceratus
935 1852 983 1926 ad
1013 1855 1177 1928 ultimum
1211 1853 1359 1953 periculi
1391 1879 1471 1952 per·

228 1977 387 2041 venerat
439 1965 482 2040 Id
499 1968 616 2066 ipsum
634 1968 855 2066 exprobrans
877 1965 909 2038 ei
931 1989 1007 2055 rex,
1033 1967 1172 2056 fortius,
1199 1991 1309 2062 quam
1325 1966 1470 2040 locutus
1493 1987 1526 2036 rs

228 2087 298 2166 est,
335 2078 427 2150 fecit
480 2076 572 2150 Nam
596 2077 708 2150 feram
733 2103 806 2150 non
831 2077 974 2175 excepit
1005 2076 1130 2167 modo,
1168 2074 1368 2150 sedetiam
1395 2101 1470 2152 uno
1535 2109 1537 2114 ,

227 2189 377 2262 vulnere
402 2185 541 2261 occidit.
582 2187 761 2278 Fabulam,
788 2213 879 2285 quae
905 2189 1085 2263 obiectum
1110 2188 1206 2262 leoni
1223 2213 1246 2260 a
1264 2211 1350 2287 rege
1367 2185 1470 2287 Lysi·
1493 2211 1526 2256 rr

228 2299 394 2374 maehum
419 2311 554 2374 temere
571 2299 750 2398 nulgavit,
776 2298 822 2372 ab
845 2325 889 2373 eo
908 2321 1003 2389 casu,
1030 2323 1138 2398 quem
1164 2323 1274 2398 supra
1300 2297 1470 2390 diximus,

186 2481 189 2487 .
228 2421 344 2485 ortam
384 2437 464 2485 csse
503 2409 723 2486 crediderim.
776 2408 942 2484 Ceterum
976 2409 1211 2500 Macedones,
1251 2435 1470 2507 quamquam
1493 2433 1528 2482 ra

228 2547 399 2622 prospero
432 2533 565 2598 eventu
597 2521 783 2596 defunctus
814 2532 892 2593 erat
917 2521 1141 2610 Alexander,
1177 2532 1299 2594 tamen
1331 2521 1496 2596 scivere·

227 2635 344 2734 gentis
372 2657 458 2708 suae
484 2660 593 2726 more,
620 2659 665 2707 ne
686 2644 749 2707 aut
774 2631 884 2731 pedes
905 2644 1108 2722 venaretur,
1134 2645 1199 2704 aut
1220 2631 1297 2704 sine
1320 2630 1469 2706 delectis

262 2867 650 2989 Gup.2,t.ll.cp.reqssclass]
674 2865 829 2936 Scripsimus
866 2872 925 2919 let
943 2865 1013 2919 Flor.
1029 2865 1051 2918 l*
1068 2873 1228 2930 occurreret,
1252 2867 1325 2936 quod
1342 2865 1469 2922 Heinsius
1571 2885 1576 2896 ·

227 2939 293 2990 clusi
308 2953 358 3007 pro
375 2935 446 3006 vulg.
499 2938 543 2990 usi
560 2953 593 2988 ne
606 2936 752 3056 quidupuod
766 2933 828 2989 boni
863 2932 1018 2988 coniecerat

226 3003 303 3059 codd.
320 3003 480 3058 exhiberent
496 3003 645 3074 quumviss

226 3071 365 3126 suetudine
379 3081 518 3138 remotum,
536 3072 683 3126 tolleretur.
718 3071 829 3125 Constat
863 3069 929 3124 titur
945 3073 1063 3140 quidm,
1089 3087 1143 3141 quo
1184 3087 1244 3124 cum
1266 3071 1300 3124 ad
1318 3073 1469 3127 sententias

226 3149 313 3194 sutem
330 3143 447 3205 cludere,
471 3143 558 3194 clusus
575 3150 676 3194 veteres
694 3157 772 3209 saepe
788 3139 828 3192 di·
862 3151 980 3192 tenorem
999 3157 1053 3193 non
1071 3138 1190 3210 ineptum
1207 3139 1257 3205 sit,
1280 3155 1316 3192 ex
1332 3141 1468 3196 codicibus

226 3209 309 3276 fisse,
337 3207 487 3264 et'dudum
510 3210 580 3279 apud
601 3217 717 3262 nostrum
739 3221 776 3271 vr,
795 3213 826 3260 16
862 3207 917 3260 sere
942 3207 1061 3261 omnibus
1087 3225 1146 3260 urm
1172 3205 1265 3260 blodio
1294 3207 1466 3265 restituimus.

226 3275 315 3330 editur
332 3280 447 3344 cludunt,
470 3295 572 3348 nosque
590 3276 638 3348 ipsi
657 3279 762 3330 cludunt
780 3293 827 3346 pro
861 3275 959 3344 (Abest
975 3283 1065 3328 autem
1081 3293 1099 3329 s
1115 3275 1186 3328 Flor.
1198 3274 1267 3343 Bc.)
1290 3275 1345 3330 Sed
1363 3279 1468 3332 ἱαιονα·

226 3345 297 3426 yulg.
327 3347 484 3426 concludunt
514 3346 672 3415 optimorum
701 3344 826 3424 librurum
862 3353 994 3397 luur'mox
1011 3345 1138 3396 mendose
1155 3343 1276 3397 scribunt
1293 3343 1370 3398 leid.
1387 3346 1468 3400 Voss.

226 3411 827 3548 pffluedsptrppsrpptpshp,sg,dlutm2pfflgsg
864 3419 875 3464 l
896 3411 975 3548 {epp
987 3411 1161 3534 Aedldnsrids
1176 3497 1256 3547 mors,
1274 3497 1307 3534 ns
1324 3491 1372 3534 out
1384 3485 1468 3552 pedes

225 3555 259 3602 45
277 3553 427 3616 cluduntur,
446 3549 517 3603 Hist.
528 3565 548 3615 1,
565 3557 598 3604 88
617 3551 708 3615 cludit,
727 3549 773 3601 sed
787 3557 827 3601 ts-
862 3499 1015 3617 perornari
1052 3548 1176 3601 Turbant
1199 3549 1224 3601 b.
1238 3548 1256 3601 l.
1278 3547 1387 3603 codices
1403 3567 1467 3608 mss.

225 3633 285 3670 men
308 3620 431 3672 claudere
453 3626 518 3672 ets
554 3619 572 3670 d
590 3617 709 3671 Tacitum
732 3627 773 3669 est
798 3623 827 3668 et
862 3615 979 3670 Primum
988 3634 1079 3670 omnes
1088 3633 1194 3682 rnorem,
1210 3617 1343 3688 frequenti
1353 3619 1468 3675 mamma

224 3686 295 3756 apud
304 3695 386 3740 nostr.
395 3694 515 3754 mmor
544 3703 607 3740 usos
620 3703 698 3739 aures
712 3685 738 3738 in
752 3684 825 3738 libris
860 3701 957 3738 errore.
986 3685 1056 3738 Tum
1066 3685 1139 3755 quod
1152 3685 1232 3766 vulgo
1246 3685 1468 3757 editnruspedes

199 3753 344 3808 *omnibus
366 3762 437 3808 sunt
473 3755 516 3809 cf.
533 3755 642 3824 interpr.
664 3755 699 3807 ad
716 3753 770 3807 Cic.
791 3753 825 3805 de
859 3763 998 3806 venaretur
1014 3752 1042 3806 in
1059 3753 1132 3806 nullo
1149 3755 1239 3806 codice
1256 3753 1363 3823 legimr,
1381 3757 1467 3812 sedin

225 3831 278 3875 nst
297 3823 370 3876 deor.
385 3838 417 3889 11,
436 3830 479 3889 ³9,
499 3829 558 3876 100.
586 3823 687 3876 Duker.
705 3822 738 3875 sd
755 3820 824 3875 Flor.
859 3820 916 3873 aliis
939 3829 982 3874 est
1004 3838 1066 3874 uum
1088 3831 1124 3875 ω.
1164 3825 1204 3874 sd.
1230 3839 1320 3875 venor.
1342 3835 1390 3877 orat
1410 3828 1468 3880 stne

225 3905 268 3956 111,
278 3897 320 3944 20.
338 3890 489 3945 Priscianus
502 3891 608 3960 quidem
625 3891 729 3955 librox,
739 3907 764 3959 p.
775 3895 824 3943 889
860 3891 974 3955 delectis,
992 3889 1063 3943 Flor.
1077 3890 1125 3943 Ac
1155 3889 1196 3942 lll
1213 3889 1294 3943 Ber-n.
1311 3891 1343 3954 B,
1361 3891 1388 3944 in
1407 3891 1466 3948 eliis

225 3957 333 4013 Pntsch.
352 3962 446 4013 claudo
464 3962 503 4012 val
519 3961 604 4026 cludo,
622 3959 667 4025 sit,
686 3960 770 4012 clausi
785 3961 825 4010 uel
859 3975 920 4010 num
938 3961 1090 4011 ut-toud
1106 3959 1220 4012 Bernd
1238 3957 1312 4012 Flor.
1322 3958 1373 4012 DF
1390 3959 1467 4016 laid.

225 4029 301 4080 clusi.
327 4025 480 4080 Auctoritas
497 4026 578 4096 igitur
595 4027 712 4081 codicum
729 4025 756 4079 in
773 4025 826 4078 sin-
860 4025 935 4079 Voss.
952 4033 973 4078 1.
988 4033 1003 4080 2
1023 4025 1103 4080 Pell
1125 4035 1226 4096 (neque
1249 4025 1320 4080 enim
1342 4029 1376 4081 sd
1398 4029 1468 4086 banc

224 4093 293 4164 gulis
311 4094 374 4149 locis
391 4103 533 4166 spectetur.
560 4095 645 4148 Extat
662 4105 749 4149 autem
767 4095 792 4147 h.
807 4094 824 4147 l.
859 4111 915 4147 rem
936 4094 1065 4164 pertinet,
1090 4103 1180 4148 utrum
1203 4105 1308 4148 cenaret
1331 4113 1366 4150 sn
1391 4115 1467 4153 nure.

225 4165 292 4216 clusi
308 4163 335 4216 in
355 4163 424 4218 Flor.
434 4161 512 4217 ABG
528 4163 643 4217 BermA
657 4165 730 4217 Voss.
743 4171 765 4228 l,
784 4164 825 4215 ed.
860 4173 965 4216 roratur
994 4164 1121 4216 mendose
1151 4163 1179 4216 in
1212 4163 1305 4228 horum
1331 4166 1468 4223 nonnullis

225 4231 299 4284 Mod.
317 4231 349 4284 ln
368 4231 533 4286 unoFlor.C
552 4239 593 4284 est
610 4234 701 4296 clariss,
720 4232 745 4284 in
756 4241 825 4284 cete·
860 4231 1016 4298 scribstur):
1035 4232 1062 4284 in
1080 4231 1300 4285 unoFlor.l3est
1314 4232 1372 4286 sine
1389 4253 1467 4290 nom:

225 4299 261 4352 ris
277 4301 386 4360 inclusi.
413 4300 485 4371 quod
508 4299 614 4352 videtur
634 4309 663 4352 et
686 4301 770 4370 ipsum
791 4300 824 4352 ad
861 4309 888 4353 ut
904 4303 986 4368 pedes
1010 4311 1161 4365 vermretur,
1184 4302 1257 4353 tund
1273 4303 1331 4354 sias
1352 4303 1466 4372 dilectis,

225 4367 825 4438 probandsmveteremscripturampertinere
861 4368 933 4437 quod
949 4383 984 4420 ex
1008 4369 1047 4420 his
1070 4367 1243 4421 varietatibus
1267 4369 1344 4423 unice
1435 4391 1466 4427 se

260 4439 334 4502 §.14⁸
355 4453 441 4504 repon
451 4438 590 4488 invasurus
599 4437 751 4502 incurreret}
770 4435 825 4486 Pal.
860 4435 967 4506 probari
981 4443 1072 4505 potest
1085 4445 1167 4506 atque
1179 4436 1322 4492 exhibetur
1334 4456 1350 4492 a
1385 4439 1467 4496 indel.

697 3001 828 3074 gesson.
896 3004 971 3070 §.rs
1007 3005 1138 3056 assume
1195 3003 1271 3074 um]
1293 3002 1469 3074 vugoomu.
