3260 5042
236 343 284 414 22
705 355 739 418 Q·
766 353 891 406 curun
915 353 1000 406 nun

234 549 498 639 peragrassent,
524 537 753 637 repetendas:
780 538 899 611 omnia
924 544 988 608 eut
1012 536 1109 628 ipsos
1135 545 1198 606 aut
1225 537 1347 609 hostes
1361 559 1474 632 popu·

235 651 345 722 latos:
380 673 446 746 per
476 659 600 724 vesus
630 647 855 732 solitudines,
893 642 1032 714 etiamsi
1064 664 1170 713 nemo
1202 645 1342 735 insequi
1375 646 1473 730 velit,

236 749 380 850 euntes,
415 763 508 832 fame
539 771 648 852 atque
681 753 800 848 inopia
831 749 1001 822 debellari
1026 773 1143 844 posse.
1190 747 1305 836 Quem
1331 753 1509 848 signuma

236 866 406 942 daturum
431 862 669 964 fugientibus?
696 883 802 954 quem
827 852 998 930 ausurum
1022 857 1233 931 Menandro
1260 860 1474 932 succedere?

235 975 313 1052 Iam
344 988 387 1052 ut
420 977 468 1048 ad
493 973 767 1067 Hellespontum
800 969 885 1066 lisga
915 978 1164 1066 penetrarent,
1200 971 1365 1057 classem,
1402 994 1475 1063 qua

235 1096 437 1172 transeant,
471 1105 578 1177 quem
608 1078 924 1178 praeparaturum?
962 1077 1100 1152 Rursus
1135 1081 1172 1152 in
1206 1081 1324 1178 ipsum
1351 1103 1511 1178 regeme

235 1191 477 1270 misericordia
503 1215 623 1282 versa,
649 1191 748 1264 illum
772 1189 898 1278 florem
923 1189 1105 1276 iuventae,
1132 1191 1230 1260 illam
1254 1190 1473 1280 vim'animi,

235 1297 390 1376 eundem
424 1325 552 1400 regem·
580 1311 618 1375 et
651 1301 940 1404 commilitonem,
973 1296 1094 1368 divelli
1126 1322 1149 1368 a
1180 1319 1220 1370 se
1247 1306 1285 1370 et
1309 1298 1475 1398 abrumpi

235 1411 462 1485 immemores
487 1413 543 1490 sui
568 1411 817 1508 querebantur.
1467 1483 1470 1490 .

188 1554 235 1626 13
339 1519 438 1594 Inter
463 1522 552 1594 haec
576 1521 725 1615 liberius
745 1517 1035 1615 meare'spiritus
1060 1525 1247 1613 coeperat,
1281 1516 1512 1591 allevabat-e

237 1655 307 1727 que
332 1655 400 1705 rex
425 1634 567 1731 octrlos,
602 1641 639 1702 et
663 1629 834 1726 paulatim
858 1625 1042 1716 redeunte,
1057 1627 1177 1699 animo
1204 1627 1475 1700 circumstantes

237 1741 369 1815 amicos
396 1749 603 1837 agnoverat,
628 1739 819 1832 laxataque
845 1738 900 1818 uis
925 1735 1040 1809 morbi
1066 1737 1114 1808 ob
1141 1735 1211 1808 hoc
1236 1737 1353 1809 solum
1377 1735 1476 1810 vide·

173 1899 177 1906 -
235 1850 360 1938 batur,
395 1849 478 1944 quia
511 1844 791 1945 magnitudinem
831 1846 914 1917 mali
948 1843 1136 1917 sentiebat
1197 1844 1319 1917 Animi
1353 1855 1476 1920 autem
1495 1875 1534 1924 ro

167 2008 172 2016 ·
236 1957 438 2056 aegritudo
463 1981 593 2055 corpus
626 1956 792 2054 urgebat,
834 1955 965 2053 quippe
996 1951 1155 2027 Dareum
1190 1955 1315 2051 quinto
1347 1954 1406 2028 die
1436 1955 1475 2027 in

239 2065 360 2148 Cilicia
385 2069 462 2142 fore
486 2067 726 2142 nuntiabattnt
766 2063 936 2139 Vinctum
962 2088 1049 2160 ergo
1070 2087 1115 2136 se
1139 2062 1245 2156 baffi,
1272 2075 1310 2137 et
1334 2075 1475 2138 tantm

236 2177 425 2251 uictoriam
467 2179 556 2275 eripi
598 2177 664 2252 sibi
704 2201 751 2250 ex
784 2174 964 2264 manibus,
1005 2174 1228 2271 obscuraque
1259 2183 1297 2248 et
1327 2174 1474 2272 ignobili
1508 2215 1512 2222 ·
1579 2241 1584 2246 .

234 2353 406 2480 populatione
414 2357 558 2438 peraprati
565 2361 741 2426 finesessent,
758 2374 837 2429 quem
872 2355 960 2426 aptius
977 2372 1008 2408 ae
1024 2355 1202 2422 verisimilius;
1229 2374 1290 2409 nam
1307 2359 1345 2410 ad
1361 2359 1408 2410 loe
1424 2357 1475 2410 boe

250 2444 326 2480 ocum

342 2425 421 2480 attuli
438 2427 467 2480 in
483 2445 592 2498 gramm
604 2426 839 2507 Litterarum
872 2423 977 2494 quidem
1002 2423 1059 2477 loco
1085 2422 1151 2476 nihil
1176 2423 1249 2478 eliud
1274 2423 1324 2478 nisi
1350 2425 1429 2478 linem
1445 2433 1475 2478 et

239 2493 348 2548 ablativi
370 2512 446 2548 usum
468 2513 529 2548 cum
549 2495 675 2549 eiusmodi
693 2493 838 2566 expeditio-
872 2490 1084 2562 consequentiam
1101 2490 1272 2562 significaret,
1289 2509 1321 2565 ac
1338 2491 1413 2563 sequi
1429 2493 1476 2546 de-

122 2569 135 2584 ·“
239 2580 303 2616 num
321 2560 474 2616 bellicam
498 2563 584 2617 verbis
613 2581 725 2634 expono.
778 2561 837 2615 Nec
872 2560 953 2638 bcbat
982 2569 1010 2613 ut
1035 2560 1243 2629 maqndudiaan
1268 2562 1335 2614 mali
1359 2563 1475 2614 sentiret.

240 2628 363 2684 dissimile
384 2631 455 2700 quod
477 2631 596 2702 sequitur
612 2632 702 2685 statim
711 2633 782 2702 suaa
800 2632 838 2683 ad
873 2627 981 2682 Curtius
1003 2636 1097 2681 eontra
1117 2627 1157 2680 sui
1176 2627 1364 2682 conscientiam
1386 2644 1476 2681 reven-

239 2699 436 2767 Hellespontum
472 2709 597 2752 enetrare.
870 2713 925 2748 sem
943 2713 990 2764 pro
1008 2694 1104 2748 indicio
1126 2696 1293 2750 adstantibus
1315 2696 1394 2750 strues
1411 2694 1477 2749 dicit

274 2767 298 2832 ξ.
318 2773 341 2818 7.
364 2763 404 2819 'ut
425 2784 442 2818 a
479 2767 550 2819 Hett.
563 2770 636 2836 supa
655 2767 835 2836 penetrarent]
871 2763 926 2817 sore
944 2770 975 2814 ut
991 2781 1054 2816 mox
1071 2761 1152 2815 etism
1170 2781 1201 2817 co
1251 2763 1287 2817 ris
1303 2763 1373 2817 vires
1386 2781 1476 2818 rerer·

239 2831 344 2886 stass
362 2833 409 2885 sed
425 2832 496 2886 solus
508 2844 699 2902 penetrassent.
724 2831 837 2886 Bothius
872 2839 998 2883 terantur.
1017 2829 1105 2884 Affert
1121 2829 1215 2884 Freins
1235 2871 1241 2882 .
1259 2839 1409 2902 opportune
1427 2831 1477 2884 Se-

239 2900 310 2970 quod
328 2909 453 2970 sequatur
461 2911 597 2955 nauseant
605 2901 769 2955 scribendum
777 2917 837 2954 cen·
873 2915 951 2952 necea
969 2897 1055 2952 locum
1081 2905 1156 2968 epe
1196 2901 1359 2961 Quibusdam
1385 2901 1476 2969 aegris

240 2975 282 3022 set
294 2971 468 3037 pertenerint.
503 2968 566 3022 Non
584 2987 648 3039 opus
665 2977 732 3028 est.¹
870 2969 1014 3036 gratulatio
1030 2967 1068 3033 ju
1094 2984 1153 3020 eunt
1179 2985 1208 3021 se
1231 2969 1285 3036 ipsi
1307 2985 1477 3036 aeyrosesse

260 3038 298 3114 ᾗ.
316 3041 341 3088 8.
368 3046 392 3089 et
409 3037 499 3090 aean
524 3038 541 3116 ]
566 3035 610 3090 Sic
626 3054 686 3090 mss.
703 3052 793 3090 omnes
810 3043 839 3090 et
871 3044 1015 3087 emaum.
1050 3033 1187 3104 Frequens
1209 3053 1288 3104 porro
1305 3034 1401 3089 Curtio
1418 3051 1478 3089 esse

239 3103 304 3184 edit.
322 3103 450 3182 princeps.
471 3055 584 3157 Aiiimm
601 3103 776 3185 editorudedit
793 3121 838 3183 aq·
872 3101 971 3154 indicat
987 3101 1122 3156 Acidaliae
1141 3103 1176 3181 'ob
1195 3104 1238 3170 id,
1264 3102 1476 3181 es..1v,4l.,52.

240 3171 741 3310 ttavttlnttttltllltt
749 3171 839 3292 tlttt
872 3169 1235 3318 Ettl‘ttultlttlt
1247 3173 1478 3292 iiim?

241 3278 495 3360 estadreinahemio
523 3307 567 3378 qui
585 3324 612 3360 se
629 3326 682 3362 non
690 3316 838 3378 spreturum
906 3308 929 3372 ξ.
949 3312 989 3358 10.
1020 3323 1103 3358 animi
1121 3315 1207 3371 autern
1225 3308 1364 3374 aegritudo
1381 3323 1477 3376 eorpus

240 3373 279 3426 ait
292 3375 422 3444 αὸηηιιρί,
442 3374 463 3427 si
480 3347 588 3428 alicuius
606 3374 665 3428 libri
681 3375 838 3429 auctoritate
872 3374 991 3442 uraebut]
1020 3371 1064 3451 'In
1090 3373 1266 3451 deterioribus
1292 3374 1368 3426 codd.
1395 3391 1411 3426 a
1443 3390 1477 3427 ue

240 3441 379 3494 niteretur.
397 3441 504 3496 Scilicet
512 3442 543 3500 ,id
560 3459 665 3514 operam
682 3445 791 3496 dederat
807 3451 838 3496 ut
872 3429 933 3493 inde
954 3441 1040 3492 ductis
1061 3441 1220 3494 editionibus
1242 3450 1349 3511 praeter
1372 3441 1402 3494 M
1448 3460 1477 3495 a·

241 3515 387 3579 quaereret.
872 3507 1090 3575 namomnibus,
1117 3509 1251 3562 sententis
1272 3509 1406 3562 contraria
1427 3527 1478 3564 nec

260 3575 838 3656 Gap.18,§.9.allevubatquerexcados]Snak.
872 3584 961 3628 umen
978 3575 1135 3641 emeandi,
1155 3576 1282 3647 scriptum
1299 3585 1342 3630 est
1359 3579 1478 3630 ammian

241 3643 360 3696 Rernsh.
378 3652 407 3697 et
424 3651 496 3697 retro
513 3661 595 3715 usque
612 3645 777 3698 adAldinam
790 3649 838 3698 ad·
872 3654 957 3696 autern
971 3645 1112 3716 ¹aegritudo
1129 3647 1247 3713 corpores
1265 3647 1381 3714 urgebat.
1421 3646 1478 3699 Sed

242 3713 342 3764 leuabat
360 3712 414 3764 sive
431 3713 561 3765 adunabat
578 3713 633 3766 sine
650 3712 838 3767 coniunctione.
892 3721 1056 3781 rseterquam
1066 3711 1306 3782 quodoptimortun
1315 3713 1391 3766 codd.
1401 3713 1476 3767 Leid.

241 3778 332 3833 Editio
349 3798 388 3849 pr.
406 3779 569 3839 etldadiana
585 3789 614 3833 et
630 3782 704 3834 codd.
722 3780 838 3860 plerique
872 3731 952 3858 bern.
970 3777 1084 3858 dFlor.
1102 3779 1125 3831 B
1148 3779 1266 3850 itemque
1284 3779 1310 3834 G
1332 3782 1477 3835 auctoritas

241 3849 430 3917 adeundaeque,
448 3847 540 3917 optimi
557 3847 706 3902 discordant
723 3856 793 3902 mter
801 3866 838 3914 se,
872 3847 932 3900 huic
950 3855 1095 3918 scripturae
1112 3847 1277 3916 adversatur,
1296 3865 1330 3902 ne
1348 3850 1477 3918 unusqui-

242 3933 291 3985 que
308 3916 389 3968 hsbet
405 3913 476 3968 Flor.
491 3915 527 3982 B,
545 3916 644 3969 omittit
661 3915 740 3970 Bern.
758 3919 783 3968 Α
801 3925 838 3982 et,
872 3915 932 3966 dem
950 3915 1075 3968 sermonis
1092 3915 1182 3968 Latini
1205 3917 1261 3986 pati
1284 3934 1343 3970 eam
1361 3917 1476 3984 videtur,

242 3990 274 4048 ut
325 3991 396 4036 rest
412 3982 562 4036 existimare
584 3992 691 4054 propter
707 3983 839 4036 silentium
872 3982 1083 4052 quandoquidem
1121 3986 1313 4052 aegritudinem
1357 3989 1476 4055 corporis

242 4049 261 4104 S
316 4050 446 4120 cnburgii,
464 4049 538 4103 Leid.
557 4051 632 4105 Voss.
652 4059 675 4105 l.
873 4051 956 4103 omnis
974 4050 1066 4105 melior
1083 4059 1156 4103 aetus
1174 4051 1402 4121 improbavit,'ad
1419 4053 1476 4106 sni-

276 4119 307 4171 ob
325 4121 371 4171 loc
389 4121 472 4172 solum
496 4118 580 4171 edidit
596 4118 788 4172 Freinshemius
805 4120 838 4172 de
873 4135 943 4170 mum
961 4119 1048 4188 potius
1070 4120 1185 4172 reserens
1208 4137 1223 4172 a
1273 4120 1414 4187 tudinem,
1441 4127 1475 4174 ad

242 4185 392 4264 coniectura
408 4187 495 4266 nescio
512 4187 584 4240 cuius
597 4187 837 4271 sed'dudumnota,
872 4204 967 4256 eorpus
978 4185 1202 4266 aegrotationem.
1258 4189 1322 4240 erbe
1340 4190 1404 4242 haee
1421 4191 1476 4242 sere

242 4255 540 4376 attellana
555 4253 837 4400 lqppussmqmffip
873 4264 934 4374 ...p
953 4255 1322 4401 littttlffttlldt
1341 4265 1476 4380 lta...

244 4389 412 4458 Cadltaec)
431 4389 840 4444 sotum.ltmlrllaeon1eeture
874 4391 944 4460 quod
962 4389 1092 4461 alioquin,
1119 4409 1141 4444 si
1163 4392 1239 4446 codd.
1257 4392 1396 4462 iuberent,
1423 4413 1476 4449 nou
