3324 5054
211 313 286 390 152
353 261 356 266 Ι
598 325 601 330 ’
683 331 717 396 a
745 317 870 384 curru
894 329 981 380 aurr

207 515 418 612 coegissent
475 511 637 592 Turbata
668 529 746 593 erat
778 526 932 612 utraque
962 511 1067 584 acies.
1125 513 1338 590 Alexander
1368 527 1406 590 et
1431 539 1455 588 a
1470 531 1507 582 aa

206 626 326 699 fronte
352 635 390 698 et
414 636 565 726 a'tergo
589 628 731 704 hostem
756 625 929 702 habebat:
956 622 1016 721 qui
1043 645 1174 695 averso
1200 624 1233 696 ei
1257 625 1453 715 instabant,

207 735 254 806 ab
286 736 454 836 Agrianis
486 737 663 836 aquit-ibus
698 738 970 836 premebantur:
1005 745 1044 808 et
1077 731 1274 822 Bactriani,
1307 734 1454 832 impedi·

207 848 338 922 mentis
371 849 529 922 hostium
562 847 726 944 direptis,
756 847 908 934 reversi,
945 844 1090 918 ordines
1122 869 1208 919 suos
1240 868 1453 941 recuperare

207 983 281 1033 nou
316 969 499 1058 poterantt
533 959 639 1053 plura
670 955 773 1028 simul
805 955 960 1050 abrupta
986 977 1009 1026 a
1034 956 1163 1026 ceteris
1189 955 1349 1055 agmina,
1376 954 1452 1027 ubi-

207 1093 349 1166 cunque
383 1068 491 1138 elium
525 1066 583 1138 alii
616 1065 691 1136 fors
717 1065 924 1152 miscuerat,
956 1063 1185 1138 dimicabant
1238 1065 1321 1140 Duo
1347 1089 1451 1163 reges
1469 1082 1505 1131 2³

206 1178 336 1250 iunctis
362 1199 475 1273 prope
501 1173 702 1274 agminibus
727 1175 902 1274 proelium
928 1172 1178 1248 accenderant
1226 1175 1355 1250 Plures
1368 1174 1452 1248 Per-

208 1311 271 1360 sae
303 1284 494 1360 cadebant:
529 1309 595 1384 par
625 1287 737 1362 ferme
768 1288 948 1384 utrimque
980 1308 1151 1359 numerus
1177 1285 1452 1360 vulnerabatur:

207 1421 316 1470 curru
340 1395 489 1487 Dareus,
515 1397 723 1472 Alexander
748 1423 840 1496 equo
866 1397 1084 1474 vehebatur:
1110 1404 1302 1491 utrumque
1324 1394 1452 1468 delecti
1469 1415 1507 1462 as

205 1506 425 1599 tuebantur,
453 1509 509 1581 sui
533 1508 769 1584 immemores.
823 1505 964 1605 Quippe
990 1509 1124 1580 amisso
1149 1531 1237 1604 rege
1261 1529 1329 1578 neo
1355 1505 1451 1578 vole·

206 1617 298 1694 bant
315 1619 420 1692 ¹salvi
454 1643 548 1708 esse,
580 1643 648 1692 nec
678 1627 855 1718 poteraut
913 1617 1011 1690 Ante
1050 1618 1175 1690 oculos
1209 1617 1266 1690 sui
1301 1616 1452 1714 quisque

205 1729 302 1826 regis
327 1739 493 1800 mortem.
506 1728 717 1802 occumbere
742 1725 899 1802 ducebat
928 1727 1122 1825 egregium.
1173 1723 1374 1800 Maximum
1399 1737 1451 1798 ta·
1468 1742 1506 1792 2⁵

204 1849 290 1910 men
310 1837 525 1936 periculum
556 1837 720 1928 adibant,
752 1862 842 1934 quos
874 1838 1031 1910 maxime
1063 1828 1289 1927 tuebantur3·
1319 1836 1451 1934 quippe

206 1948 275 2022 sibi
301 1949 452 2046 quisque
477 1948 571 2022 oaesi
596 1949 691 2046 regis
718 1949 914 2048 expetebat
940 1946 1061 2022 decus.
1446 1959 1449 1964 '

153 2062 216 2134 59.
310 2057 496 2148 Ceterum,
531 2059 608 2133 sive
631 2057 824 2132 ludibrium
858 2059 1061 2149 oculorum,
1094 2059 1172 2134 sive
1197 2083 1286 2132 vera
1311 2057 1448 2154 species
1466 2074 1503 2123 tt

204 2171 287 2260 fuit,
326 2169 386 2265 qui
421 2169 514 2242 circa
543 2168 791 2244 Alexandrum
822 2181 942 2260 erant,
982 2169 1117 2244 vidisse
1149 2194 1189 2244 se
1220 2167 1451 2242 crediderunt
1499 2229 1502 2232 .

204 2280 390 2381 paululum
415 2304 523 2377 super
548 2291 658 2379 caput
682 2282 776 2380 regis
802 2281 941 2380 placide
967 2283 1152 2356 volantem
1178 2280 1350 2378 aquilam,
1376 2304 1451 2352 nou

206 2417 296 2466 sono
331 2415 529 2482 armorum,
563 2417 637 2465 non
667 2393 802 2490 gemitu
835 2392 1065 2466 morientium
1099 2392 1281 2465 territam:
1318 2391 1451 2488 diuque

241 2578 265 2644 ξ.
283 2581 326 2629 ²2.
361 2585 384 2628 et
401 2577 521 2654 osronts
539 2585 563 2629 at
580 2593 598 2628 c
615 2577 697 2643 serpo]
732 2574 810 2628 Prius
843 2594 904 2630 raro
919 2575 944 2630 ei
957 2574 1081 2647 contigit,
1095 2573 1184 2629 fsdles
1193 2574 1339 2630 imitatores
1348 2571 1451 2628 babuit.

207 2653 231 2697 et
248 2643 329 2765 vuggo
346 2641 488 2764 ompbqrp,
505 2661 565 2697 oum
582 2643 607 2724 l·
643 2641 810 2764 turegum·
844 2644 898 2698 Sed
921 2653 1022 2766 sqq-qq
1045 2651 1140 2765 noefffr
1166 2660 1221 2698 nou
1247 2644 1317 2697 solet
1333 2645 1451 2724 ¹quisque

208 2728 812 2902 aa
843 2729 983 2902 cumrii
998 2727 1452 2902 ma

208 2917 242 2970 ab
262 2917 392 2985 Aps-ionis
410 2855 538 2970 ineptiant.
569 2914 692 2995 Morbis
710 2916 810 2984 Apido-
843 2865 904 2970 iiis
922 2887 980 2970 sine'
996 2863 1184 2970 contrivisse
1204 2915 1314 2970 —Nostri
1332 2923 1405 2969 certe
1422 2911 1451 2968 e't

208 2986 252 3037 nis
269 2983 351 3054 vulgo
367 2983 548 3053 praedicatum
570 2983 724 3054 adiungrurr
739 2985 809 3036 mili-
846 3003 912 3056 quos
930 2985 1013 3039 Sualr.
1031 2983 1147 3057 contulit
1167 3000 1259 3038 omnes
1277 2985 1387 3038 dicmur
1402 2999 1451 3036 ex-

208 3053 291 3120 tibus,
314 3069 363 3123 pro
385 3069 438 3122 quo
459 3067 537 3106 nemo
562 3069 615 3106 nou
636 3051 727 3105 stetim
743 3050 809 3106 reci·
844 3053 945 3107 bibent.
989 3053 1089 3107 Mirum
1119 3051 1202 3106 etiarn
1230 3051 1254 3106 si
1281 3051 1362 3123 psulo
1387 3059 1451 3123 post

226 3120 333 3172 iendum
350 3119 425 3174 ridet
450 3121 523 3190 quod
543 3127 573 3174 st
589 3119 670 3174 snat.
688 3121 763 3174 codd.
780 3128 809 3173 ct
844 3121 953 3176 Curtius
970 3123 1023 3175 sibi
1040 3121 1150 3191 quisque
1173 3122 1306 3190 expectas
1333 3119 1453 3191 scripsis-

206 3137 288 3242 bern.
306 3196 335 3242 et
342 3187 413 3242 Flor.
426 3203 516 3242 omnes
529 3187 656 3242 exhibent
673 3189 810 3258 equitibus.
843 3197 894 3256 set,
912 3189 963 3244 hoc
978 3197 1070 3243 sutem
1087 3189 1145 3244 loeo
1162 3205 1302 3242 numerum
1319 3189 1451 3260 pluralem

206 3255 313 3309 Deinde
329 3266 353 3310 et
370 3257 511 3310 Bactriani
528 3255 618 3310 audin
626 3254 810 3310 coniunctione
843 3258 981 3330 posuisset.
1383 3281 1385 3284 ·

207 3324 269 3378 dedi
286 3341 321 3377 ex
337 3324 436 3378 Aldina
452 3334 481 3378 et
496 3325 569 3380 Flor.
585 3323 715 3379 BCEGH
727 3325 808 3378 Bam,
878 3329 901 3394 §-
919 3332 962 3380 25.
997 3327 1109 3380 adibunt
1126 3343 1191 3395 quos
1207 3343 1280 3379 mox.
1297 3324 1449 3396 sabama]

206 3393 231 3447 B
249 3392 325 3446 Leid.
347 3393 422 3446 Voss
447 3401 460 3446 1
485 3401 513 3446 et
531 3401 556 3447 2.
572 3435 576 3446 ,
591 3391 747 3448 Omisemnt
763 3392 808 3446 Iu·
842 3394 973 3464 Argutius
989 3394 1061 3448 haud
1081 3393 1163 3448 dubie
1184 3394 1222 3448 sic
1242 3393 1308 3448 dicit
1330 3391 1449 3460 Curtius,

206 3459 265 3514 nius
286 3469 316 3514 et
336 3459 442 3514 Medius
468 3469 497 3514 et
517 3460 628 3532 reliqui,
656 3460 808 3532 habentque
843 3479 923 3532 quam
949 3462 971 3516 si
994 3462 1038 3514 vul
1059 3471 1131 3515 stam
1152 3462 1293 3516 lectionem
1314 3461 1451 3530 sequimur

206 3546 270 3592 saue
292 3536 412 3584 auctores
436 3528 509 3584 Flor.
528 3531 556 3584 Δ
579 3537 609 3583 et
634 3529 715 3583 Bern.
740 3535 766 3583 A
792 3548 808 3583 s
842 3533 889 3600 qai
904 3549 976 3584 mcx.
1071 3540 1141 3583 ntur.
1162 3531 1224 3584 Hoc
1239 3539 1313 3585 certa
1329 3547 1385 3583 non
1400 3530 1451 3582 rni-

206 3615 247 3669 pr.
266 3615 302 3650 m.
841 3616 919 3665 rum,
946 3599 993 3670 qui
1018 3597 1097 3652 enixe
1119 3607 1273 3720 pugnarent
1290 3599 1317 3652 iu
1334 3615 1452 3652 maxumo

241 3669 327 3732 82³·
356 3667 487 3736 proelium
504 3667 688 3734 accenderant]
723 3665 808 3720 Aldus
875 3667 959 3722 n'culo
975 3667 1063 3734 fuisse,
1146 3668 1216 3738 ipsos
1233 3685 1311 3738 reges
1328 3667 1451 3721 intartot

205 3733 257 3787 boe
272 3733 389 3787 conexit
405 3733 536 3789 immerito
553 3733 708 3806 scripsitque
716 3752 807 3788 occen-
841 3683 996 3790 ldrtissimos
1017 3735 1128 3790 comites
1150 3755 1204 3790 non
1226 3743 1351 3806 expertes
1369 3734 1450 3788 fuisse

206 3803 311 3870 debant,
329 3818 391 3855 nuru
408 3801 498 3871 aliqua
513 3801 632 3857 codicum
650 3802 808 3856 auctoritate
841 3803 949 3876 periculi
966 3803 1104 3874 aliquanto
1121 3803 1181 3874 plus
1197 3805 1280 3858 babet
1296 3803 1451 3858 admiratio·

205 3869 300 3940 ignoro
317 3870 430 3938 (Vosal
446 3870 564 3938 citarem,
582 3871 604 3924 si
621 3870 686 3924 fides
702 3871 807 3926 silentio
841 3873 890 3927 nis.
929 3871 1030 3938 Quidni
1057 3871 1140 3942 igitur
1165 3873 1295 3926 malumus
1322 3872 1396 3942 quod
1421 3871 1450 3925 iu

204 3942 298 4006 assat),
315 3945 389 3992 carte
405 3955 496 4010 parum
514 3938 623 4005 idonea,
646 3957 707 3992 nam
724 3941 807 3995 nostri
841 3941 963 3996 omnibus
989 3938 1063 3994 libris
1088 3958 1149 3994 msa
1175 3949 1218 3994 est
1241 3939 1303 4007 (nisi
1346 3941 1400 3994 uod
1420 3940 1449 3994 in

206 4005 314 4076 quidem
339 4005 400 4061 libri
426 4007 496 4060 inter
521 4023 550 4062 se
574 4016 632 4061 sm
656 4007 752 4062 diversi
772 4010 807 4062 sd
841 4009 912 4064 Flor.
939 4009 993 4063 ΕΗ
1023 4009 1105 4062 Beru.
1131 4009 1155 4062 B
1187 4011 1258 4079 quod
1291 4026 1342 4062 sorr
1361 4009 1451 4076 itur)?

204 4074 807 4215 waltaffifflafflt
841 4076 1449 4204 Aiqi‘iiaffiisiisi‘u'iiiibiuffiii

204 4211 320 4265 ctionem
337 4211 459 4266 samarit
840 4165 965 4269 ibeudurn
983 4215 1034 4268 boc
1050 4221 1101 4280 cst,
1119 4231 1206 4284 aquo
1224 4213 1305 4268 libros
1322 4184 1381 4268 issoi
1395 4231 1450 4268 uon

240 4283 263 4347 ξ.
288 4287 331 4333 24.
375 4281 483 4334 ducebat
508 4297 569 4350 cyre
592 4282 651 4352 ἀτη]
700 4279 806 4334 Modius
840 4299 896 4336 esse
912 4283 1012 4337 alienos
1029 4298 1108 4354 saepe
1125 4282 1305 4353 cognovimus.

204 4349 333 4401 docebant
350 4347 377 4401 iu
394 4347 466 4402 libris
483 4349 567 4403 veteri
585 4367 616 4404 us
633 4365 662 4403 se
677 4348 807 4402 invenisse
875 4351 941 4422 (isp.
959 4359 1010 4418 59,Ι
1025 4354 1049 4420 ξ.
1067 4358 1109 4407 26.
1144 4369 1198 4406 non
1223 4368 1287 4406 sono
1304 4369 1451 4418 amonem,

203 4415 353 4484 contendit,
366 4415 548 4486 iuqueedidit
556 4427 718 4490 ceterosque,
735 4419 806 4488 quod
840 4437 892 4474 aon
909 4422 973 4489 oet]
1008 4419 1078 4474 Edd.
1094 4428 1165 4475 vett.
1186 4437 1233 4475 nac
1255 4421 1343 4474 sonitu
1360 4437 1451 4474 ormo·
