3258 5120
537 335 586 386 na
614 333 742 390 oasrrs
765 337 877 416 atax.
904 334 955 402 ur,
982 331 1024 379 ιο.
1324 313 1397 386 479

19 541 21 578 ;
63 535 108 582 12
133 515 323 612 gignitur,
350 515 484 614 ubique
509 519 690 594 rimantes.
744 514 817 592 Sed
843 541 924 590 cum
950 515 1039 588 haec
1065 539 1205 612 quoque
1231 515 1401 590 alimenta

19 649 21 692 t
135 623 371 717 defecerant,
399 629 559 702 iumenta
584 625 733 701 caeder'e
760 627 930 725 aggressi,
957 649 1002 697 ne
1028 625 1128 720 equis
1154 624 1297 721 quidem
1319 625 1398 698 abs·

19 795 20 804 ,
136 735 339 827 tinebant3
378 749 524 810 etcum
556 736 726 813 deessent
756 763 847 835 quae
880 736 1038 810 sarcinas
1064 736 1252 825 veherent,
1287 737 1401 834 spolia

139 847 196 921 de
233 848 415 935 hostibus,
453 856 602 943 propter
635 873 727 945 quae
765 850 889 922 ultima
922 844 1078 924 Orientis
1111 857 1399 944 peragraverunt,
1434 901 1437 908 .

19 1023 20 1030 ,
76 973 115 1020 1³
140 955 367 1030 cremabant
392 955 567 1030 incendio.
621 957 769 1033 Famem
794 958 922 1033 deinde
949 957 1150 1056 pestilentia
1176 967 1299 1029 secuta
1325 968 1400 1030 est:

142 1068 288 1167 quippe
314 1068 551 1142 insalubrium
578 1069 740 1144 ciborum
765 1071 851 1143 novi
877 1070 962 1158 suci,
989 1067 1036 1140 ad
1060 1068 1128 1142 hoc
1144 1067 1279 1142 itineris
1297 1067 1401 1141 labor
1460 1115 1465 1128 =
1583 1062 1590 1076 ⁸

143 1187 188 1252 et
218 1178 409 1277 aegritudo
437 1180 555 1268 animi,
582 1181 823 1278 vulgaverant
839 1180 995 1268 morbos,
1022 1189 1059 1252 et
1076 1203 1142 1251 nec
1160 1202 1305 1252 manere
1324 1179 1400 1252 sine

145 1289 268 1380 clade,
304 1315 372 1364 nec
398 1289 568 1388 progredi
593 1301 780 1388 poterant:
815 1301 1000 1365 manentes
1027 1290 1155 1379 fames,
1190 1313 1400 1387 progressos

87 1419 124 1465 14
146 1401 270 1474 acrior
288 1399 495 1499 pestilentia
512 1401 676 1498 urgebat
712 1401 810 1500 Ergo
830 1402 933 1474 strati
947 1411 1051 1474 erant
1064 1399 1311 1497 campi'paene
1324 1401 1401 1498 plu·

146 1511 255 1586 ribus
269 1509 465 1600 semivivis,
478 1535 586 1606 quam
604 1510 850 1586 cadaveribus.
885 1510 941 1584 Ac
954 1535 1001 1584 na
1015 1511 1128 1584 levius
1143 1508 1286 1607 quidem
1300 1511 1400 1608 aegri

148 1611 257 1719 seq'ui
268 1628 456 1719 poterant:
469 1620 602 1719 quippe
616 1646 745 1720 agmen
757 1621 889 1719 raptim
902 1621 1086 1718 agebatur,
1099 1631 1239 1694 tantum
1253 1620 1401 1718 siugulis

149 1729 202 1804 ad
229 1755 332 1829 spem
358 1731 485 1804 salutis
504 1731 609 1830 -ipsos
634 1732 808 1830 proficere
833 1730 1071 1822 credentibus,
1103 1741 1277 1829 quantum
1300 1731 1401 1806 itine-

58 1859 131 1926 „15
150 1841 204 1915 ris
242 1840 449 1916 festinando
486 1843 744 1941 praeciperent.
803 1842 917 1940 Igitur
954 1841 1015 1939 qui
1054 1840 1258 1916 defecerant
1294 1851 1402 1916 notos

152 1952 372 2049 ignotosque
397 1962 441 2025 ut
466 1952 709 2026 allevarentur
733 1954 903 2026 orabant:
930 1951 996 2026 sed
1020 1977 1086 2027 nec
1111 1951 1269 2024 iumenta
1288 1959 1407 2045 erant,

156 2061 290 2158 quibus
317 2062 436 2161 excipi
462 2074 630 2161 possent,
667 2073 706 2137 et
730 2063 832 2138 miles
858 2063 923 2136 vix
949 2087 1048 2136 arma
1072 2061 1257 2164 portabat,
1291 2063 1404 2137 immi·

155 2172 351 2269 nentisque
377 2185 416 2248 et
441 2173 528 2272 ipsis
553 2175 663 2248 facies
694 2175 784 2248 mali
805 2187 890 2250 ante
916 2175 1038 2261 oculos
1065 2183 1151 2247 erat.
1204 2171 1301 2272 Ergo
1328 2199 1404 2250 sae·

156 2282 236 2381 pius
262 2284 441 2374 revocati,
476 2309 523 2358 ne
542 2286 726 2383 respicere
752 2285 896 2384 quidem
922 2309 1007 2359 suos
1033 2282 1272 2375 sustinebant,
1298 2284 1402 2359 mise·

108 2411 138 2460 ra
158 2392 313 2468 ricordia
342 2393 382 2467 in
416 2379 644 2470 formidinem
676 2397 793 2476 versa¹
842 2394 898 2469 llli
932 2395 1045 2470 relicti
1079 2394 1165 2468 deos
1200 2404 1330 2488 testes,
1365 2405 1404 2470 et

160 2528 264 2578 saera
289 2505 509 2597 communia,
543 2507 710 2605 regisque
735 2506 977 2606 implorabant
1001 2530 1122 2605 opem,
1157 2529 1308 2602 cumque
1332 2505 1404 2578 sru-

163 2624 239 2690 stra
264 2614 394 2689 surdas
421 2639 527 2692 aures
553 2617 761 2716 fatigarent,
798 2618 836 2692 in
861 2618 997 2691 rabiem
1022 2615 1271 2716 desperatione
1297 2615 1403 2707 versi,
1518 2701 1525 2716 Ι

161 2751 284 2824 parem
309 2751 378 2800 suo
403 2728 558 2820 exitum,
596 2728 800 2827 similesque
834 2727 921 2827 ipsis
947 2727 1079 2802 amicos
1105 2736 1143 2800 et
1168 2726 1403 2800 contuberna-

163 2838 212 2911 les
230 2838 491 2936 precabantur.

117 2966 146 3014 ιτ
263 2947 362 3040 Rea,
395 2949 521 3024 dolore
546 2949 653 3024 simul
678 2975 721 3024 ac
746 2947 885 3050 pudore
910 2948 1050 3040 anxius,
1083 2947 1167 3046 quia
1190 2971 1300 3022 causa
1324 2951 1452 3022 tan-‘ss

24 3063 26 3066 ’
165 3069 222 3134 tae
247 3057 360 3168 cladis
385 3059 464 3160 ipse
489 3051 602 3154 esset,
643 3059 691 3135 ad
716 3059 1013 3159 Phrataphernen
1038 3057 1322 3156 Parthyaeorum
1348 3085 1402 3134 aa·

166 3267 250 3322 auur
267 3265 333 3324 locis
350 3265 457 3324 inadtis
469 3268 551 3324 etism
563 3268 590 3324 in
605 3267 771 3324 Siciliaeors
838 3271 861 3338 ς.
874 3272 913 3322 15.
948 3267 1153 3348 imminentisque
1170 3277 1193 3322 at
1211 3269 1290 3338 ipsis]
1317 3263 1404 3322 Codd.

167 3335 561 3409 meridionalifrequentissime.
589 3337 708 3410 Ciiquae
723 3354 770 3391 an-
804 3337 897 3408 ipsius,
916 3336 988 3407 quod
1006 3335 1118 3406 intelligi
1130 3334 1230 3406 nequit,
1247 3335 1336 3406 itaque
1346 3333 1405 3389 iure

168 3403 311 3458 notavimus
336 3405 372 3458 ad
399 3403 534 3460 Ciceronis
560 3405 689 3460 Ver-riuos
715 3405 734 3460 l.
751 3405 769 3459 l.
804 3405 866 3460 olim
883 3406 1051 3459 emendatum
1068 3413 1116 3457 cst.
1150 3404 1247 3458 Sedet
1268 3421 1316 3476 pro
1332 3403 1405 3474 vulg.

59 3523 62 3528 .
170 3471 267 3536 Quodsi
277 3471 388 3552 palmae
404 3474 548 3546 lingileras
564 3473 592 3528 in
609 3473 770 3529 illiscedro-
804 3476 881 3528 etiam
903 3489 919 3526 ε
941 3471 1073 3544 plerisque
1095 3471 1168 3525 libris
1191 3471 1265 3526 mstis
1278 3479 1315 3526 ‘et
1337 3472 1405 3527 Car-

75 3577 78 3584 ·
170 3540 218 3594 siaa
231 3539 298 3594 locas
316 3540 443 3610 masena
471 3543 572 3597 nullum
593 3551 653 3597 erat
669 3561 686 3596 a
702 3543 771 3596 fame
804 3541 877 3596 tiana
903 3540 1095 3596 consuetudine
1123 3539 1291 3594 restituimus.
1333 3539 1406 3596 Nam

170 3608 316 3678 periculum.
351 3608 440 3664 Porro
463 3628 512 3666 eur
532 3611 635 3666 radicas
680 3627 769 3664 uaera-
804 3611 883 3664 etium
908 3628 962 3664 uon
988 3617 1030 3663 cst
1053 3607 1306 3676 nisiinFlor.D1,
1330 3610 1407 3663 abest

170 3677 404 3755 rentMsoedonss,
421 3678 561 3733 siarbores
578 3679 606 3732 in
623 3629 714 3735 selles
731 3679 771 3733 in·
823 3695 911 3734 rursus
928 3677 983 3732 sive
1001 3679 1077 3730 ctiam
1094 3675 1149 3730 sivo
1164 3687 1187 3730 et
1199 3676 1406 3732 erroneum

171 3744 309 3798 sideest?
354 3745 434 3810 Quod
461 3755 550 3802 autem
577 3747 636 3818 ipse
663 3747 771 3807 Curtius
805 3697 886 3801 bern.
900 3745 940 3800 B:
966 3746 1030 3800 item
1066 3763 1096 3798 uc
1116 3745 1194 3798 abest
1211 3763 1229 3799 a
1244 3745 1316 3800 Flor.
1329 3745 1406 3800 EFH

171 3829 220 3891 aum
233 3814 353 3868 arborem
366 3814 441 3884 dicit,
458 3815 577 3888 generali
590 3815 771 3888 appellatione
805 3814 918 3869 liernss
938 3813 1019 3884 Ball
1066 3820 1148 3867 ossa.

173 3889 256 3934 utitur.
840 3887 864 3950 s.
878 3890 918 3937 lt.
953 3893 977 3936 et
998 3899 1077 3936 sucro
1099 3883 1254 3952 communio]
1290 3879 1407 3936 Coniun-

202 3952 222 4017 5.
233 3956 273 4004 12.
302 3951 463 4022 defecerunt]
487 3952 623 4020 dejicerent
633 3949 770 4019 nosco,
805 3950 919 4006 ctiam
941 3967 1020 4022 quam
1041 3949 1188 4021 elegantior
1213 3949 1318 4004 dicendi
1343 3967 1406 4004 usus

174 4017 315 4087 defecerunt
332 4017 406 4073 Flor.
416 4019 446 4073 F.
805 4020 921 4091 postulat
943 4017 1088 4072 addidimus
1107 4034 1122 4070 ε
1139 4018 1213 4072 codd.
1230 4017 1305 4073 leid.
1325 4017 1405 4072 Voss.

202 4088 222 4154 i.
233 4094 273 4141 14.
315 4089 452 4142 estimando
503 4090 661 4158 acciperent]
680 4086 769 4159 Vulgo
808 4088 919 4142 lBern.
933 4088 959 4140 A
976 4087 1047 4166 iiior.
1065 4087 1114 4140 AB
1129 4084 1192 4165 ‘aliis
1215 4085 1313 4140 multis.
1347 4085 1404 4166 Pro

169 4157 353 4224 praeriperent,
372 4107 523 4210 melioribus
537 4156 670 4210 codicibus
688 4158 770 4210 refra-
805 4159 949 4211 communio
971 4155 1029 4208 hbn
1053 4155 1195 4208 deteriores
1206 4157 1309 4208 -omaiu
1330 4154 1405 4208 exhi·

174 4223 287 4292 gantibus
306 4221 380 4277 Leid.
392 4225 493 4279 Voss.l
510 4225 625 4278 Beru.A
643 4224 770 4280 Floras
804 4223 1195 4279 bentFlor.DEFHlBeru.B
1206 4221 1263 4276 Pal.
1275 4231 1299 4291 l,
1315 4239 1405 4278 errore

175 4289 227 4344 aliis.
263 4291 319 4344 Iter
332 4295 489 4364 praeripere
506 4293 551 4348 vix
570 4297 677 4363 poetam
693 4294 770 4347 dece·
804 4293 868 4348 satis
884 4292 1032 4364 perspicuo.

175 4367 218 4426 ret,
235 4361 390 4429 proserpere
407 4360 498 4416 Livius
516 4378 595 4432 saepe
614 4360 692 4416 dixit.
727 4361 770 4416 Cf.
840 4361 957 4433 Capit,
976 4369 997 4430 5.
1009 4367 1048 4414 17.
1067 4361 1104 4414 ud
1112 4359 1212 4414 Plrrotu
1230 4359 1326 4413 lemen
1334 4359 1406 4414 Pur·

176 4443 233 4498 quae
251 4444 332 4498 supra
349 4428 500 4486 monuimus
518 4431 553 4484 ad
571 4445 613 4498 w,
632 4437 674 4500 60,
693 4437 718 4486 3.
805 4432 953 4501 llyoaorum
971 4429 1108 4500 satrapen]
1131 4427 1206 4482 lncd
1241 4427 1406 4499 princPur·
