3300 5044
257 347 329 417 502
726 359 760 420 Q.
788 355 910 408 culturi
936 357 1021 408 RUFI

253 540 377 612 gulorum
400 538 616 593 contentionibus
637 547 665 592 et
687 537 822 592 discordiis
844 537 999 608 implerent;
1027 537 1076 590 sibi
1102 555 1180 592 curae
1206 540 1264 594 sore
1286 539 1440 611 pollicitus,
1474 553 1506 592 ut

253 616 340 686 patrio
358 631 431 668 more
449 613 565 670 instituti
589 615 699 670 militiae
721 625 791 668 artes
812 617 994 669 edocerentur.
1030 613 1073 666 lta
1095 633 1174 686 supra
1196 618 1286 671 decem
1309 629 1506 672 veteranorum

253 692 326 746 milia
343 692 449 745 dimissa
466 705 541 760 sunt;
568 693 728 762 additusque
749 701 789 744 cst
807 693 946 758 Cratonis,
972 691 1018 762 qui
1040 707 1084 743 cos
1108 692 1265 758 deduceret,
1291 710 1325 745 ex
1349 693 1506 765 praecipuis

253 769 324 839 regia
342 769 438 822 amieis.
475 768 525 823 Cui
543 769 564 824 si
583 769 646 840 quid
665 770 812 822 humanitus
830 769 983 832 accidisset,
1006 767 1211 837 Polyperchonti
1230 785 1323 840 parere
1340 771 1406 823 iussi
1426 779 1503 823 sunt.

254 846 362 900 Litteris
384 845 521 900 etiamad
543 847 715 916 Antipatrum
736 847 852 916 scriptis,
879 847 1007 900 bonorem
1028 844 1142 898 emeritis
1170 847 1260 900 baberi
1288 847 1445 918 praecepit,
1475 855 1507 897 ut

255 924 377 995 quotiens
396 922 450 976 ludi
469 933 551 994 atque
569 920 712 975 certamina
728 923 877 986 celarentur,
896 920 922 975 in
942 921 1031 992 primis
1045 919 1182 972 ordinibus
1196 921 1314 975 coronati
1328 931 1505 994 spectarem

254 1010 338 1072 utque
355 1001 577 1054 satofuuctorum
600 997 676 1050 liberi
695 997 841 1066 impuberes
859 998 886 1050 in
909 1007 1022 1072 paterna
1038 995 1169 1067 stipendia
1186 1001 1366 1052 succederent
1403 997 1506 1053 Crate-

254 1097 313 1132 rum
322 1076 496 1130 Macedoniae
515 1073 764 1142 continentibusque
782 1073 932 1142 regionibus
950 1093 1009 1128 cunr
1024 1073 1133 1146 irnperio
1152 1091 1273 1144 praeesse
1290 1075 1402 1144 placuit,
1421 1075 1508 1128 Anti·

255 1161 358 1224 patrum
380 1169 439 1205 cum
461 1148 644 1219 supplemento
667 1146 793 1201 iuniorum
818 1149 991 1204 Macedonum
1017 1153 1052 1204 ad
1078 1167 1169 1221 regem
1195 1167 1314 1220 pergere.
1349 1146 1508 1204 Verebatur

255 1224 1508 1367 eu‘carrinarumieriemmemuaar

287 1323 308 1356 r.

255 1379 421 1451 vicissimque
443 1379 511 1432 alter
533 1377 644 1431 alterum
666 1389 823 1447 arroganter
831 1319 872 1430 pet
899 1379 994 1432 acerbe
1020 1345 1149 1452 plquue
1172 1379 1256 1432 facere
1278 1321 1507 1444 ¹darimiuabantur,

255 1473 324 1528 quae
342 1456 377 1508 ad
395 1456 508 1510 dedecus
526 1463 573 1508 aut
590 1453 775 1507 detrimentum
792 1451 881 1523 regiae
898 1453 1044 1509 maiestatis
1061 1455 1234 1527 pertinerent.
1270 1455 1419 1526 Postquam
1429 1453 1508 1507 enim

251 1551 344 1587 ‘mmor
371 1533 448 1588 occisi
476 1531 545 1602 regis
566 1541 664 1584 temere
687 1529 809 1600 vulgatus
836 1529 864 1583 in
886 1529 1071 1586 Macedoniam
1097 1534 1303 1602 penetravisset,
1329 1539 1418 1586 mater
1445 1531 1509 1584 eiua

255 1625 384 1680 sororque
407 1609 551 1680 Cleopatra
577 1607 750 1661 tumultuatae
777 1607 895 1672 merant,
927 1613 956 1660 ct
981 1607 1047 1662 haee
1072 1607 1177 1679 quidem
1208 1619 1348 1680 paternum
1375 1624 1508 1678 regnum,

256 1685 394 1756 Olympias
411 1685 523 1755 Epirum
540 1685 680 1737 invaserat.
714 1681 795 1736 Forte
817 1683 879 1735 dum
902 1681 1031 1738 eiusmodi
1053 1682 1160 1736 litterae
1184 1685 1347 1752 redduntur,
1374 1684 1509 1756 Hephae-

255 1760 336 1827 stion,
354 1770 473 1815 assuetus
490 1760 607 1815 omnium
624 1776 776 1814 arcanmum
793 1776 821 1812 se
838 1757 992 1830 participem
1009 1759 1109 1827 hahen',
1127 1759 1275 1832 megrana
1292 1761 1326 1814 ab
1339 1759 1507 1814 Alexandro

256 1837 333 1892 dmul
358 1836 524 1908 inspiciebat.
560 1836 654 1908 Neque
677 1835 763 1889 vetuit
790 1853 850 1888 eum
877 1850 940 1900 rex,
967 1836 1014 1888 sed
1040 1836 1189 1890 detractum
1211 1838 1297 1910 digito
1326 1836 1436 1890 anulum
1464 1837 1508 1892 ori

255 1913 368 1986 legentis
386 1912 518 1980 admovit,
537 1911 602 1966 nihil
618 1929 721 1980 comm,
739 1929 805 1984 quae
822 1910 971 1984 perscripta
988 1918 1091 1979 essent,
1110 1911 1136 1965 in
1155 1912 1219 1968 elios
1236 1914 1401 1968 efferendum
1419 1913 1509 1985 signi·

255 1991 344 2044 ficana.
379 1990 515 2045 Incusasse
532 1997 620 2044 autem
637 1989 727 2042 ambos
744 1987 835 2054 fertur,
853 1995 882 2041 et
898 1988 991 2042 matris
1008 1987 1148 2042 insolentia
1165 1999 1314 2060 permotum
1327 1990 1509 2057 excisurum,

256 2083 314 2120 eam
334 2084 384 2138 pro
402 2065 567 2121 habitatione
592 2066 683 2118 decern
704 2062 842 2131 mensium,
871 2081 950 2134 quam
972 2064 1000 2118 in
1022 2073 1098 2118 utero
1119 2065 1167 2119 sihi
1189 2067 1366 2139 praebuisset,
1390 2084 1509 2138 gravem

255 2145 405 2198 mercedem
422 2143 541 2215 exigere:
568 2142 739 2214 Antipatrum
756 2157 818 2194 reru
836 2147 985 2211 suspectum
1003 2141 1138 2206 habuisse,
1166 2143 1242 2214 quasi
1263 2151 1341 2215 parta
1363 2159 1399 2196 ex
1417 2142 1508 2214 Spar·

172 2281 173 2284 ¹
255 2220 326 2275 tanis
342 2219 457 2274 victoria
477 2220 615 2274 tollentem
636 2217 750 2284 animos,
775 2225 803 2270 et
823 2215 933 2293 ¹imperio
955 2217 1070 2272 tetiam
1091 2217 1118 2271 iu
1141 2237 1224 2274 annos
1249 2227 1397 2292 prorogato
1420 2237 1508 2290 snpra

255 2297 385 2370 praefecti
402 2297 510 2351 modum
527 2295 633 2349 clanim.
667 2293 761 2366 Itaque
779 2311 838 2348 cunr
855 2293 910 2348 eius
927 2294 1044 2365 gravitas
1062 2302 1143 2366 atque
1159 2295 1298 2368 integritas
1315 2294 1508 2367 aquibusdam

256 2372 463 2444 praedicaretur,
481 2372 602 2439 subiecit,
620 2369 734 2424 exterius
751 2369 857 2441 quidem
866 2369 955 2424 album
964 2369 1056 2438 rideri,
1073 2375 1119 2426 sed
1133 2371 1155 2425 si
1169 2373 1276 2442 penitus
1291 2371 1507 2444 introspiciatur,

256 2459 344 2504 totum
365 2466 423 2504 esse
444 2466 613 2521 purpureum.
649 2446 749 2501 Pressit
769 2455 856 2500 tamen
880 2447 1054 2518 suspicionem
1076 2466 1163 2516 suam,
1189 2467 1276 2521 neque
1305 2447 1386 2502 ullum
1415 2449 1508 2503 mani-

257 2525 349 2580 festius
376 2525 521 2580 abalienati
547 2525 626 2579 animi
654 2523 776 2578 iudicium
802 2522 936 2595 praetulit.
976 2524 1120 2579 Credidere
1143 2533 1232 2579 tamen
1254 2525 1393 2599 plerique,
1420 2527 1508 2580 Anti-

256 2611 378 2675 patrum,
405 2601 507 2656 evecari
525 2619 553 2656 aa
570 2595 692 2674 supplicii
708 2619 786 2655 causa
802 2607 903 2666 ratum,
930 2598 1016 2672 impiis
1039 2601 1273 2657 machinatiombus
1290 2601 1380 2674 regiae
1396 2604 1506 2672 mortis,

257 2697 325 2752 quae
342 2679 423 2751 paulo
441 2687 502 2752 post
519 2687 609 2734 secuta
626 2687 676 2746 est,
695 2686 828 2732 auctorem
845 2677 972 2731 extitisse.

326 2755 435 2809 Interea
451 2773 514 2824 rex,
541 2765 572 2810 ut
594 2753 724 2809 imminuti
741 2754 870 2808 exercitus
890 2754 1051 2809 detrimenta
1068 2753 1192 2820 sarciret,
1218 2755 1348 2826 optimum
1369 2773 1508 2829 quemque

257 2829 400 2885 Persarum
417 2831 444 2886 in
453 2832 638 2886 Macedonicos
656 2831 760 2886 ordines
776 2829 880 2902 allegit:
906 2829 977 2883 mille
994 2831 1074 2884 etiam
1092 2830 1332 2902 praestantissimos
1350 2835 1509 2904 segregarit

257 2909 293 2961 ad
310 2907 458 2979 propiorem
476 2909 515 2962 sui
534 2909 650 2980 corporis
669 2908 828 2961 custodiam:
850 2906 928 2960 aliam
946 2907 1113 2961 hastatorum
1130 2925 1250 2975 uranum,
1275 2909 1347 2962 haud
1363 2909 1508 2980 pauciores
1609 2937 1610 2980 i

257 2985 349 3038 decem
365 2983 484 3052 mildens,
511 2986 581 3040 circa
602 2986 703 3056 regium
725 2983 921 3039 tabernaculum
944 2983 1068 3038 meubias
1091 2999 1170 3055 agere
1192 2983 1276 3040 iussit
1312 2985 1389 3040 Haec
1409 2987 1508 3056 agesrti
1609 3003 1610 3016 ¹

257 3059 401 3114 Peucestes
424 3062 576 3131 supervenit
597 3080 656 3116 cum
674 3060 768 3130 viginti
785 3058 983 3132 sagittariorum
1001 3060 1217 3131 funditorumque
1233 3061 1353 3129 mibhus,
1380 3079 1451 3133 quos
1470 3081 1508 3116 ex
1609 3111 1610 3132 ,

258 3155 307 3191 sua
328 3138 465 3208 provincia
485 3144 617 3208 coegerat.
652 3139 702 3191 His
724 3154 772 3209 per
791 3137 937 3191 exercitum
958 3137 1120 3203 distributis,
1144 3138 1280 3208 profectus
1302 3149 1345 3192 est
1361 3138 1452 3206 Susis,
1476 3149 1509 3193 et
1609 3167 1610 3212 3

258 3213 385 3284 Pasitigri
403 3231 480 3267 amne
498 3215 667 3280 tmnsmisso,
690 3215 760 3284 apud
779 3213 860 3268 Caras
883 3221 970 3266 castra
991 3222 1106 3267 metatus
1128 3223 1182 3266 est:
1208 3215 1271 3268 inde
1289 3215 1431 3285 quatriduo
1457 3233 1509 3287 per
1609 3213 1610 3216 ’

260 3289 414 3344 Sittacenen
432 3291 517 3345 ductis
534 3290 617 3362 copiis
635 3291 766 3344 Sambana
782 3289 920 3362 processit,
944 3289 989 3343 ubi
1007 3307 1056 3361 per
1072 3299 1174 3360 septem
1193 3291 1249 3345 dics
1267 3292 1388 3363 quietum
1406 3309 1509 3362 agmen

260 3366 354 3419 tenuit
391 3366 486 3420 Tridui
513 3367 608 3420 deinde
635 3367 728 3420 itinere
751 3383 857 3420 emenso
881 3365 994 3420 Celonas
1022 3375 1179 3438 perventum
1205 3377 1255 3422 est.
1292 3367 1428 3439 Oppidum
1453 3371 1508 3424 boc

261 3451 354 3496 tenent
372 3442 482 3496 Boeotia
499 3443 619 3515 profecti,
639 3460 704 3513 quos
722 3443 826 3496 Xerxes
845 3441 950 3496 sedibus
968 3441 1020 3495 suis
1038 3445 1138 3498 excitos
1157 3444 1183 3497 in
1194 3445 1333 3499 Orientem
1352 3445 1508 3500 transtulit:

260 3519 455 3590 servabantque
472 3527 655 3590 argumentum
672 3519 779 3590 originis
801 3517 927 3591 peculiari
949 3535 1083 3584 sermone,
1105 3537 1140 3572 ex
1158 3520 1267 3576 Graecis
1285 3521 1440 3594 plerumque
1458 3543 1508 3578 ro-

260 3594 335 3649 cibus
353 3604 504 3650 constante:
522 3606 638 3650 ceterum
655 3597 690 3650 ob
707 3595 919 3651 commerciorum
937 3596 1121 3650 necessitatem
1139 3596 1508 3654 linitimomm'burbarorum

260 3671 351 3741 lingua
368 3673 518 3728 utebantur.
554 3673 621 3726 Inde
639 3672 800 3743 Bagistanen
817 3672 949 3743 ingressus
966 3682 1023 3739 est,
1046 3671 1183 3743 regionem
1201 3673 1356 3746 opulentam
1374 3683 1403 3729 et
1420 3677 1509 3731 abun·

260 3749 372 3802 dantem
388 3749 513 3804 arborum
531 3766 644 3802 amoeno
662 3759 690 3802 et
708 3750 821 3803 secundo
838 3750 922 3815 foetu,
941 3749 1089 3820 ceterisque
1107 3749 1229 3804 advitae
1247 3769 1301 3806 non
1320 3771 1396 3807 nsum
1413 3757 1509 3822 modo,

260 3841 350 3878 venem
372 3825 452 3879 etiam
479 3825 681 3880 delectationem
701 3826 903 3897 pertinentibus.
939 3823 1036 3879 Gravis
1058 3825 1129 3880 inter
1150 3827 1216 3882 haec
1231 3828 1345 3883 Eumeni
1366 3847 1427 3884 cum
1449 3831 1509 3886 He-

259 3899 417 3971 phaestione
435 3902 555 3956 simultas
573 3902 709 3956 inciderat.
743 3901 813 3954 Nam
834 3917 922 3955 servos
941 3902 1066 3956 Eumenis
1084 3904 1243 3972 diversorio,
1272 3905 1346 3976 quod
1369 3923 1417 3976 pro
1439 3907 1509 3962 hero
1609 3917 1610 3960 ἴ

260 3993 308 4030 suo
334 3986 540 4050 retemperant,
572 3977 734 4048 Hephaestio
764 3977 948 4048 proturbavit,
987 3989 1018 4033 ut
1043 3979 1125 4032 Euius
1152 3979 1250 4036 tibicen
1276 3999 1309 4036 eo
1334 3981 1508 4052 reciperem.

260 4052 357 4124 Neque
375 4055 458 4110 multo
482 4064 559 4126 post,
588 4073 646 4108 cum
668 4055 722 4108 ism
742 4054 826 4125 sopita
847 4055 909 4109 odia
929 4056 1095 4122 riderentur,
1123 4073 1194 4108 nora
1214 4066 1312 4110 exorta
1332 4059 1509 4115 contentione
1609 4065 1610 4090 ¹

259 4129 327 4182 adeo
344 4131 548 4198 recruduerant,
576 4139 606 4184 ut
627 4132 707 4184 etiam
728 4131 756 4184 in
774 4139 853 4184 atrox
871 4129 983 4203 iurgium
1001 4144 1030 4186 et
1046 4133 1142 4187 acerba
1160 4133 1286 4204 utrinque
1303 4133 1420 4188 muricia
1442 4153 1510 4206 pro-
1609 4131 1610 4150 l

260 4215 422 4276 rumperent.
460 4207 516 4264 Sed
535 4207 679 4262 Alexandri
697 4209 847 4262 interventu
865 4207 1029 4281 imperioque
1051 4209 1203 4263 inimicitiae
1226 4209 1320 4264 saltem
1342 4210 1508 4282 inspeciem

260 4280 376 4336 abolitae
394 4296 469 4340 sunt:
486 4303 546 4340 cum
564 4284 608 4338 illc
626 4284 731 4354 quidem
747 4284 936 4354 Hephaestioni
953 4287 1034 4339 etiam
1051 4285 1166 4340 minutus
1183 4297 1263 4354 esset,
1281 4287 1326 4360 qui
1344 4287 1372 4342 in
1390 4288 1509 4358 flagran-
1609 4273 1610 4302 ³

261 4357 362 4412 tissima
379 4362 448 4430 regis
466 4362 555 4431 gratia
572 4361 681 4431 positus,
699 4379 856 4432 quamquam
873 4363 996 4432 cupidum
1015 4363 1234 4418 reconciliationis
1252 4365 1407 4431 Eumenem,
1424 4366 1510 4435 perti·

262 4433 351 4488 nucius
368 4439 548 4491 aversabatur.
