3260 5042
693 381 912 434 rasuram.
1341 389 1425 440 xvn

178 585 399 662 quamquam
433 563 471 636 in
508 561 731 639 dedicatione
766 590 805 642 se
830 567 1007 665 gloriatur¹
1038 576 1077 644 et
1108 578 1212 643 vetus
1238 572 1425 668 exemplar

179 691 378 772 contulisse
404 701 443 764 et
467 692 600 804 multos
625 694 724 770 locos
750 719 816 768 suo
842 691 959 768 Marte
985 696 1197 792 castigasse,
1233 697 1424 794 quicquam

181 817 292 894 laude
319 817 469 915 dignum
501 822 697 919 praestitit,
732 823 793 918 qui
827 845 909 894 cum
943 822 1079 918 aliquot
1104 823 1279 922 vulgaria.
1292 825 1425 900 menda
1567 867 1572 878 ι

178 954 405 1036 sustulisset,
445 949 558 1022 multo
590 950 695 1045 plura
727 948 962 1044 relinqueret,
1002 959 1097 1025 certe
1132 975 1180 1025 ex
1213 952 1313 1026 libris
1339 978 1423 1028 mss.

176 1109 255 1157 non
290 1082 492 1181 proficeret
554 1075 695 1148 Primus
731 1077 793 1174 qui
836 1099 922 1150 vere
957 1076 1171 1152 emendandi
1204 1080 1300 1152 viam
1335 1080 1425 1174 iniit,

178 1211 251 1286 finit
274 1209 484 1286 limatam
508 1200 718 1280 Audurus.-
746 1201 839 1278 Nam
872 1204 903 1278 is
929 1229 1011 1278 cum
1035 1204 1203 1280 Aldinam
1230 1207 1426 1284 editionem

179 1336 347 1414 Veneriis
386 1335 485 1424 1510
518 1342 680 1421 curaret,
726 1357 801 1406 non
836 1331 945 1406 modo
976 1333 1140 1406 sollerter
1172 1336 1347 1410 nonnulla
1380 1336 1427 1410 de

179 1467 393 1542 coniectura
417 1459 584 1548 correxit,
611 1456 676 1532 sed
702 1459 810 1532 etiam
837 1461 1031 1558 complura·
1046 1447 1093 1534 ex
1109 1460 1200 1536 libro
1218 1462 1337 1560 aliquo
1359 1489 1425 1538 ms.

179 1592 373 1677 detodoris
399 1591 461 1665 illo
488 1585 633 1685 quidem
657 1585 821 1678 familiae,
847 1587 912 1662 sed
936 1587 1055 1660 tamen
1073 1590 1273 1664 accuratius
1291 1591 1426 1688 scripto

180 1731 223 1797 et
247 1717 463 1818 prudentius
490 1723 667 1804 correcto,
702 1715 765 1788 tali
791 1715 955 1806 omnino,
990 1716 1104 1812 qualis
1139 1715 1185 1790 de
1209 1719 1344 1792 nostris
1370 1729 1428 1794 est

179 1846 283 1934 mor,
298 1915 301 1923 .
317 1843 378 1937 G,
402 1843 567 1943 ¹errpulsis
607 1841 791 1938 veteribus
824 1841 991 1918 sordibus
1024 1843 1061 1917 in
1100 1854 1242 1920 textum
1280 1829 1425 1946 recepit

68 1977 71 1985 ’
178 1975 315 2074 Atque,
334 1975 386 2047 sic
410 1969 545 2046 Aldina
559 1969 675 2048 ‚lectio
701 1969 797 2044 faeta
821 1979 878 2054 est
904 1971 1068 2070 vulgata,
1100 1997 1208 2070 quam
1234 1999 1321 2051 mox
1347 1975 1426 2066 reli.

179 2104 247 2202 qni
271 2101 439 2186 editores⁴
456 2099 570 2198 magis
589 2095 640 2186 ¹de
657 2098 871 2190 comestura,
897 2099 959 2174 ubi
976 2099 1061 2197 quid
1079 2101 1427 2202 displiceret-,quam
1548 2095 1550 2100 ’

179 2231 417 2328 antiquorum
425 2227 599 2310 ,codicum
615 2227 805 2302 collatione
822 2228 1091 2302 emaculandam
1107 2240 1290 2328 putarunt
1317 2231 1426 2306 Anno

180 2359 334 2434 demum
363 2359 461 2432 1546
488 2355 693 2442 Hadrianus
717 2352 853 2448 Iturius,
879 2355 1038 2432 medicus
1056 2359 1282 2456 philologus,
1308 2384 1426 2440 emen·

181 2483 513 2565 dationemcurtii
544 2482 746 2580 integrioris
777 2483 860 2558 libri
883 2484 1096 2560 lectionibus
1117 2486 1167 2564 ¹in
1197 2487 1426 2586 lucem‘pro-

181 2613 345 2690 ferendis
371 2613 543 2688 adiuvare
560 2621 725 2708 ,conatus
752 2620 821 2700 est,
868 2609 961 2684 Nam
993 2638 1074 2687 curn
1099 2611 1227 2712 Brugis
1259 2615 1297 2686 in
1323 2612 1427 2688 Flan-

182 2743 268 2818 dria
293 2742 391 2841 apud
418 2739 708 2816 Schoeuhovium
734 2736 952 2814 Canonioum
978 2739 1023 2813 D.
1048 2739 1242 2816 Donatiani
1267 2741 1427 2817 codicem

180 2897 253 2954 ms.
276 2872 496 2961 invenisset,
530 2860 606 2944 eius
641 2867 848 2944 diversitate
879 2893 903 2942 a
927 2871 1068 2969 vulgari
1098 2855 1276 2969 scriptura
1306 2882 1427 2952 motus

184 2998 385 3076 editionem
410 2998 550 3084 curavit
575 2997 796 3095 Antverpiae
821 3023 861 3073 a,
883 2999 997 3089 1546,
1031 3000 1069 3072 in
1083 2999 1194 3072 ouius
1221 3010 1327 3074 textu
1351 3025 1427 3076 non

182 3125 387 3202 admodum
411 3128 526 3202 multa
549 3123 746 3200 secundum
771 3124 902 3199 librum
927 3127 1027 3200 illurn
1053 3129 1238 3225 antiquum
1259 3129 1427 3220 correxit,

185 3253 255 3330 sed
290 3258 471 3356 margines
506 3253 671 3330 editionis
703 3255 808 3328 novis
840 3255 1101 3352 praeclarisque
1136 3256 1348 3332 lectionibus
1380 3283 1429 3332 err

186 3383 320 3462 eodem
344 3386 445 3460 fonte
476 3383 613 3458 haustis
641 3383 843 3481 complevit
897 3380 977 3472 Qua
1009 3385 1053 3458 de
1079 3405 1122 3460 re'
1144 3385 1181 3458 in
1207 3386 1428 3484 praefatione

188 3511 241 3588 ad
266 3510 417 3588 Petrum
440 3510 621 3588 Nunnium
646 3535 725 3586 sese
749 3512 890 3612 vulgari
916 3513 1121 3588 timidorum
1146 3514 1350 3588 criticorum
1367 3540 1428 3588 ex·

188 3643 377 3716 cusatione
403 3651 535 3732 tuetur,
561 3639 658 3738 quod
684 3639 802 3714 iudicii
827 3640 1028 3716 libertatem
1047 3643 1179 3716 nemini
1196 3641 1428 3740 praecludere

187 3780 257 3844 aut
289 3781 504 3868 extorquere
528 3769 700 3874 'voluerit
752 3765 875 3872 Longe
910 3770 1036 3844 fortius
1070 3771 1310 3845 intermissam
1343 3771 1428 3846 scri·

187 3898 306 3998 pteris
333 3897 619 3973 emendationem
650 3896 832 3994 aliquanto
863 3909 948 3996 post
978 3924 1167 3998 aggressus
1199 3911 1253 3974 est
1285 3899 1427 3974 Franci·

166 4053 268 4103 seua
294 4025 444 4118 Monta,
470 4023 557 4100 dum
583 4023 746 4101 Curtium
772 4026 847 4100 edit
874 4025 1042 4102 Coloniae
1071 4031 1179 4102 1579.
1218 4026 1312 4102 Nam
1339 4052 1426 4102 usus

189 4155 412 4248 mnnbruma,
444 4155 499 4230 uti
523 4157 698 4253 appellat,
734 4152 981 4232 Colcaicraallru
1006 4168 1044 4230 et
1074 4155 1365 4257 Sz'peberpcusrtus
1391 4169 1430 4232 et

191 4285 302 4358 tertio
327 4285 420 4358 libro
455 4281 610 4382 quodam
636 4309 702 4358 suo
737 4282 834 4384 (vide
866 4284 941 4358 eius
976 4287 1243 4360 annotationem
1276 4284 1324 4359 ad
1349 4307 1428 4377 vm,

192 4417 219 4484 4
245 4411 338 4510 (16),
366 4413 431 4511 30)
458 4437 539 4486 cum
564 4413 651 4487 satis
677 4413 745 4486 sibi
778 4413 824 4488 de
858 4415 1085 4513 corruptione
1120 4415 1318 4512 scripturae
1351 4415 1429 4487 vul·

192 4551 301 4638 gatae
318 4543 564 4640 persuasisset,
589 4541 828 4642 integriorem,
854 4543 890 4616 in
908 4569 1016 4640 quam
1032 4541 1214 4633 inciderat,
1233 4541 1429 4618 admodum
