3260 5042
211 319 267 386 sur
415 289 418 296 ’
719 319 936 372 rasnrsrro.

210 521 288 570 rem
313 521 386 568 non
413 497 603 594 pertinent,
629 501 694 576 sed
719 502 892 576 infinitam
919 513 1083 575 veterum
1099 502 1324 574 librariorum
1343 501 1450 574 licen-

212 623 299 694 tiam
331 620 600 716 demonstrant,
635 630 672 702 in
698 627 930 726 appendicem
963 628 1079 699 reieci.
1140 625 1321 700 Videntur
1352 629 1448 700 enirn

212 747 259 822 ad
293 751 550 848 plenitudinem
585 755 703 850 operis
741 752 959 826 necessariae
992 775 1088 840 esse,
1126 753 1332 848 habentque
1365 751 1449 826 ehm

211 861 327 968 usum,
354 889 396 953 ut
421 889 458 952 et
483 879 714 973 cognationes
741 877 902 951 codicum
923 879 1054 952 certius
1072 877 1270 974 distinguas
1288 889 1326 950 et
1342 880 1448 952 libra·

211 1005 346 1078 riorum
372 1005 515 1100 ingenia
540 1002 734 1101 solitasque
764 1005 941 1082 scribendi
967 1005 1212 1080 aberrationes
1239 1031 1447 1102 cognoscas,

211 1157 288 1206 rem
320 1132 357 1204 in
390 1127 592 1203 exercenda
622 1130 830 1208 Latinorum
864 1135 1037 1210 librorum
1072 1131 1191 1206 critice
1226 1132 1371 1206 minime
1396 1135 1448 1206 in·

46 1255 48 1260 ’
121 1285 124 1291 “
212 1259 345 1330 utilem.
397 1260 522 1359 Neque
550 1273 669 1336 tamen
695 1261 764 1334 hoc
789 1288 810 1336 a
836 1287 893 1336 me
920 1262 1082 1335 obtinere
1108 1259 1225 1357 potui,
1260 1270 1302 1331 ut
1328 1262 1449 1334 omnia

184 1387 358 1460 'omnino
383 1389 546 1477 codicum
572 1415 656 1466 mss.
688 1399 726 1462 et
755 1414 850 1462 nuno
881 1389 1035 1485 primum
1061 1397 1099 1460 et
1125 1388 1210 1458 olim
1235 1387 1448 1460 collatorum

135 1565 136 1568 ,
212 1513 391 1590 scribendi
406 1517 570 1594 ludibria
595 1539 849 1616 proponerem:
876 1513 985 1585 immo
1012 1537 1155 1586 omnem
1180 1513 1275 1586 hanc
1301 1512 1448 1612 diligen·

213 1639 300 1712 tiam
324 1643 601 1718 in'Florentinis
627 1641 936 1737 Beruensibusque
971 1651 1009 1713 et
1039 1640 1100 1736 qui
1126 1665 1149 1712 a
1174 1635 1447 1736 Snakenburgio

213 1768 334 1840 collati
361 1782 448 1844 sunt
472 1770 572 1844 libris
607 1768 765 1846 continui
800 1767 846 1840 ab
871 1768 914 1839 iis
940 1767 1058 1857 libris,
1097 1765 1142 1840 de
1168 1791 1321 1862 quorum
1342 1792 1448 1842 accu-

212 1871 296 1968 rata*
319 1897 509 1970 collatione
525 1971 528 1978 ,
542 1922 669 1996 parum
700 1903 842 1970 constat
849 1949 858 1984 ,
893 1895 1050 1968 abstinui
1084 1893 1237 1990 ideoque
1261 1893 1291 1966 F
1291 1895 1447 1976 reinshe·

212 2022 371 2112 mianum
396 2025 497 2098 illum
521 2026 729 2098 thesaurum
745 2022 1000 2096 incertissimae
1017 2021 1241 2096 auctoritatis
1258 2046 1332 2094 non
1350 2021 1448 2118 expi·
1574 2063 1578 2068 -

212 2149 295 2240 lavi,
315 2161 464 2228 tantum
490 2151 587 2249 quod
612 2150 765 2224 Palatini
792 2154 811 2222 1
840 2149 966 2224 ceteris
992 2148 1197 2248 diligentius
1223 2149 1343 2222 collati
1367 2139 1449 2222 curn

213 2271 351 2375 aliquot
380 2278 595 2354 Florentinis
626 2279 874 2376 cognationem
908 2276 1136 2352 lectionibus
1152 2277 1369 2352 annotandis
1395 2301 1448 2352 se·
1513 2339 1516 2342 .

215 2403 300 2478 dulo
326 2416 537 2505 persecutus
564 2431 654 2480 sum.

318 2530 392 2608 Sed
426 2507 594 2636 quoniam
626 2519 818 2621 verborum
853 2533 972 2606 critice
1003 2543 1045 2606 et
1075 2532 1309 2630 grammatica
1342 2531 1448 2604 inter·

213 2662 369 2758 pretatio
395 2662 471 2744 sine
497 2687 617 2736 rerum
643 2660 887 2759 exploratione
907 2659 1052 2732 minime
1073 2659 1244 2758 procedit,
1272 2685 1448 2734 commen·

79 2795 80 2800 ’
214 2789 387 2861 tariorum
407 2814 486 2890 ¹non
513 2790 642 2886 exigua
667 2813 750 2887 pars
776 2788 813 2859 in
838 2787 946 2860 rebus
964 2786 1149 2860 historicis
1176 2797 1214 2860 et
1238 2787 1449 2886 geographi·

87 3019 91 3024 Ι
214 2917 265 2990 cis
291 2926 330 2990 et
354 2925 542 2990 auctorum
567 2927 746 3007 veterum,
776 2916 837 3012 qui
871 2914 916 2988 de
942 2915 1051 2988 rebus
1076 2913 1275 2988 Alexandri
1301 2916 1450 3014 scripse·

214 3053 318 3133 runt,
357 3046 624 3141 comparatione
659 3053 834 3118 versatur.
896 3039 1120 3139 Quamquam
1159 3041 1196 3113 in
1235 3068 1278 3115 eo
1318 3068 1450 3140 genere

215 3195 358 3244 omnem
384 3171 642 3246 verbositatem
667 3197 709 3246 ao
735 3171 913 3246 derebus
940 3170 1084 3244 incertis
1111 3194 1177 3242 nec
1203 3169 1250 3242 ad
1276 3169 1450 3265 liquidum

214 3297 452 3396 perducendis
479 3297 684 3396 disputandi
709 3298 890 3373 libidinem
916 3298 1128 3395 compressi,
1165 3297 1257 3401 dum·
1279 3296 1449 3370 adiuvare

216 3423 400 3514 doureh
425 3427 629 3517 lectionem,
667 3452 739 3499 non
775 3427 888 3523 ipsam
920 3426 1106 3498 historiam
1140 3449 1306 3498 enarrare
1334 3425 1448 3522 cupio.

216 3549 335 3641 Quod
350 3577 421 3648 quo
448 3554 560 3650 magis
595 3579 820 3651 assequerer,
863 3553 1023 3626 tabulam
1058 3529 1333 3650 geographicam
1360 3552 1450 3625 desi·

214 3677 396 3777 guandam
430 3680 592 3777 libroque
626 3680 857 3754 adiiciendam
892 3681 1034 3770 curavi,
1073 3682 1231 3754 maximo
1266 3706 1338 3776 quo
1373 3680 1457 3754 fieri*

215 3806 334 3904 potuit
364 3805 485 3880 studio
520 3808 716 3881 secundum
748 3807 1071 3882 recentissimorum
1106 3819 1293 3882 auctorum
1329 3809 1453 3882 obser.

216 3933 379 4007 vationes
400 3935 667 4031 compositam,
712 3961 778 4008 nec
812 3945 932 4008 tamen
968 3961 991 4008 a
1022 3935 1245 4010 coniectandi
1284 3936 1447 4032 periculis

216 4061 376 4137 liberam.
429 4058 524 4134 Satis
551 4062 646 4134 enim
672 4072 823 4152 constat,
850 4063 927 4135 illas
954 4073 1070 4138 terras
1097 4065 1165 4135 hac
1191 4074 1310 4136 aetate
1334 4064 1449 4136 minus

217 4213 297 4261 esse
323 4188 502 4285 cognitas,
538 4215 644 4286 quarn
670 4191 815 4264 fuerunt
839 4191 1041 4276 veteribus,
1078 4201 1116 4262 et
1142 4190 1177 4261 in
1206 4189 1448 4264 describendis

217 4315 310 4413 regis
337 4315 537 4389 Alexandri
561 4317 745 4391 itineribus
772 4317 947 4414 quaedam
973 4319 1019 4390 ob
1048 4329 1236 4390 auctorum
1262 4317 1449 4391 dissensio-

219 4467 302 4518 nem
328 4454 559 4540 nostramque
588 4445 749 4518 locorum
781 4445 1042 4542 ignorationem
1075 4472 1141 4544 pro
1172 4446 1317 4520 incertis
1351 4445 1448 4520 dere·

811 4571 827 4602 ἃ
