3324 5054
549 305 611 356 nn.
627 306 753 360 onsrrs
778 272 888 360 lanx.
920 309 971 378 ιν,
1000 305 1041 358 ra.
1366 268 1414 362 lt)

138 489 271 560 siaetu
301 485 480 578 abQsst*
534 488 645 563 Totas
677 499 799 562 autem
831 489 978 560 arbores
1010 512 1091 560 cum
1126 491 1329 588 ingentibus
1359 518 1415 566 ra·
1455 545 1457 554 ι

170 597 241 670 mis
267 597 305 670 in
331 597 445 672 altum
471 600 664 686 iaciebant,
699 595 830 670 deinde
856 597 954 670 saxis
980 597 1193 688 onerabant,
1219 626 1414 700 rursusque

170 708 317 781 cumulo
343 734 470 782 eorum
496 709 583 780 alias
609 706 756 780 arbores
782 707 1002 796 iniieiebant,
1036 703 1127 780 tum‘
1146 708 1285 782 humus
1310 737 1414 808 agge·

170 818 331 910 rebatur,
344 841 524 916 superque
549 815 619 902 alia
641 827 743 890 strue
769 842 940 890 saxorum
966 818 1204 915 arborumque
1223 822 1414 911 cumulata,
1457 900 1460 918 Ι

171 929 275 1002 velut
300 928 458 1026 quodam
484 953 583 1000 nexu
609 929 796 1027 oontipens
823 953 914 1024 opus
941 927 1142 1000 iunxerant
1453 919 1458 941 ⁵

275 1036 352 1110 Nec
370 1036 481 1136 Tyrii,
508 1037 675 1136 quiequid
701 1035 749 1108 ad
773 1035 1037 1135 impediendam
1063 1038 1193 1110 molem
1218 1040 1415 1136 exoogitari

118 1163 151 1212 10
168 1157 328 1246 poterat,
353 1149 512 1246 segniter
538 1147 819 1243 exequebantur.
862 1145 1100 1246 Praecipuum
1126 1148 1298 1221 auxilium
1325 1160 1413 1239 erat,

169 1259 233 1354 qui
258 1260 385 1357 procul
409 1259 570 1332 hostium
604 1264 800 1354 conspectu
825 1257 995 1329 subibant
1020 1282 1166 1353 aquam,
1202 1259 1414 1355 occultoque

167 1368 277 1466 lapsu
302 1369 350 1444 ad
376 1370 510 1442 molem
534 1391 649 1464 usque
675 1366 924 1464 penetrabant,
944 1366 1093 1440 falcibus
1110 1369 1283 1467 palmites
1311 1369 1415 1443 arbo·
1463 1449 1467 1460 ,

167 1503 253 1552 rum
279 1477 513 1552 eminentium
539 1475 587 1548 ad
612 1503 652 1550 se
678 1476 881 1566 trabentes,
916 1500 1009 1576 quae
1041 1479 1106 1572 ubi
1129 1489 1272 1552 secutae
1299 1491 1414 1569 erant,
1453 1467 1466 1573 j

168 1591 343 1692 pleraque
374 1609 498 1660 seeum
532 1587 568 1660 in
601 1584 818 1684 profundum
845 1584 997 1658 dabant:
1034 1597 1114 1661 tum
1138 1591 1278 1664 levatos
1305 1613 1414 1662 onere

168 1699 312 1795 stipites
338 1707 558 1793 truncosque
584 1696 865 1770 arborumbaud
877 1719 984 1793 aegre
1004 1699 1257 1774 moliebantur:
1283 1697 1413 1772 deinde

168 1802 291 1880 totum
325 1831 436 1904 opus,
475 1805 575 1904 quod
606 1807 787 1905 stipitibus
821 1808 940 1880 firerat
964 1807 1142 1898 innixum,
1179 1807 1414 1882 fundamento

167 1919 282 2017 lapso'
301 1918 531 2014 sequebatur.

111 2047 147 2112 rr
277 2027 400 2125 Aegro
432 2027 542 2100 animi
568 2025 795 2118 Alexandro,
830 2051 897 2100 nec
922 2039 1185 2124 perseveraret,
1219 2053 1267 2100 an
1298 2027 1414 2100 abiret

167 2137 260 2211 satis
286 2145 397 2228 certo,
423 2136 547 2210 classis
575 2133 696 2236 Cypro
723 2135 886 2226 advenit,
919 2135 1115 2234 eodemque
1147 2147 1309 2236 tempore
1335 2135 1413 2212 Ole-

166 2245 286 2320 ander
324 2270 408 2319 cum
443 2242 589 2320 Graecis
629 2246 800 2320 militibus
831 2247 876 2338 in
910 2246 1045 2324 Asiam,
1074 2272 1189 2345 nuper
1227 2247 1413 2342 advectus.
1494 2241 1499 2248 ⁴

168 2353 328 2430 Centum
353 2366 392 2430 et
417 2355 603 2453 octoginta
626 2355 770 2454 navigia
794 2357 832 2429 in
858 2353 931 2428 duo
957 2352 1084 2430 dividit
1096 2381 1245 2430 cornua:
1271 2357 1414 2429 laevum

168 2556 234 2593 men
250 2553 286 2592 ne
303 2537 401 2610 quida
417 2537 522 2609 vulgar-i
538 2556 588 2592 usu
604 2539 778 2609 pauloremo-
811 2535 899 2592 utrum
910 2555 984 2608 perr.
1002 2555 1038 2590 aa
1054 2538 1139 2592 abiret
1155 2539 1221 2594 satir
1239 2540 1413 2606 incurramus

168 2608 226 2662 tius
242 2605 350 2674 inurat,
359 2606 463 2660 editum
479 2606 530 2660 fuit
547 2618 655 2660 ercam
677 2605 777 2669 Quan-
811 2606 840 2658 in
856 2605 974 2677 principe
997 2605 1131 2675 legeretur
1155 2624 1217 2676 erpo
1243 2610 1328 2660 animi
1350 2608 1413 2660 Ale-

166 2675 212 2729 v'ur
237 2677 338 2744 eripere
364 2686 451 2728 turrea
479 2673 635 2744 frequenter
664 2673 777 2740 dicatur,
811 2677 914 2728 eandm
931 2692 964 2728 ne
999 2691 1077 2728 orrea
1095 2676 1413 2730 anabiretsatisiaeerto.

166 2753 263 2798 umen
280 2741 362 2796 etiam
378 2744 495 2796 accitare
512 2754 598 2796 turres
620 2742 691 2812 apud
709 2740 778 2796 Cae-
813 2741 897 2796 Codd.
920 2742 964 2812 qui
983 2759 1026 2794 em
1048 2741 1167 2795 medones
1184 2759 1216 2796 ae
1231 2753 1413 2812 perseveraret

167 2827 257 2866 aaran
284 2810 384 2890 legitur
407 2809 442 2864 B.
456 2808 489 2864 C.
505 2809 529 2878 1,
551 2816 585 2864 25
612 2819 641 2862 et
666 2811 778 2884 aggeres
811 2841 845 2850 —
862 2811 929 2864 rotis
952 2820 1034 2875 certo,
1063 2811 1134 2880 quod
1161 2827 1219 2864 eum
1246 2827 1299 2864 uua
1321 2810 1413 2864 addita

264 2877 370 2943 Livrum
390 2891 518 2944 mun,
540 2885 570 2944 ὃς
600 2877 657 2948 ipse
687 2886 778 2932 autern
811 2877 902 2932 littera
920 2887 951 2930 ut
967 2895 1014 2931 nec
1031 2877 1106 2930 fieret
1123 2879 1315 2932 emendandum
1332 2887 1412 2946 esset,

193 2945 282 3000 artius
299 2948 415 3000 neuere
431 2947 592 2999 manducato
610 2960 654 2998 vn
681 2951 714 3000 28
737 2946 776 2998 di-
812 2945 881 2999 sicut
902 2946 1001 2998 sactum
1024 2953 1066 2998 eat
1085 2943 1114 2998 in
1129 2947 1210 3000 Bern.
1227 2947 1254 3000 A
1280 2954 1309 3000 et
1333 2946 1413 3018 plane

165 3015 208 3070 eit
229 3025 259 3068 et
280 3015 357 3067 neit.
378 3015 471 3066 molem
493 3027 559 3080 vm,
582 3018 607 3066 8.
641 2985 685 3066 lie
707 3014 778 3068 iaetu
811 3019 889 3066 extat
909 3012 937 3066 in
954 3012 1029 3067 Voss.
1049 3020 1077 3078 1,
1104 3013 1248 3067 deteriores
1267 3014 1303 3067 ad
1326 3013 1412 3068 varias

164 3093 197 3136 et
216 3085 270 3136 ictu
287 3081 349 3134 vide
365 3099 396 3134 su
415 3099 446 3134 ra
464 3098 487 3134 c.
512 3088 538 3133 11
562 3101 569 3133 z
591 3081 637 3134 sed
659 3099 713 3134 non
736 3091 778 3134 eat
811 3079 974 3134 coniecturas
990 3079 1111 3151 delapsae
1127 3089 1198 3146 sunt,
1209 3091 1241 3134 ut
1253 3081 1413 3136 scriberetur

164 3154 241 3205 iactu
258 3148 310 3204 nisi
326 3149 354 3202 in
403 3166 443 3202 or.
461 3147 565 3203 CEGH
582 3157 611 3200 et
628 3147 707 3202 Bera.
725 3147 759 3202 B.
811 3151 909 3202 incerto
926 3147 953 3201 in
971 3148 1041 3202 Flor.
1059 3149 1111 3201 BH
1128 3150 1208 3202 Ber-n.
1225 3149 1259 3216 B,
1281 3149 1412 3221 simulque

202 3221 228 3286 5.
246 3225 262 3272 9
280 3219 436 3286 rursusque]
458 3217 553 3270 adieci
571 3217 696 3286 copulam
712 3235 776 3285 pro-
804 3228 1026 3285 perseveranter,
1045 3225 1092 3269 aut
1109 3217 1190 3269 stulte
1208 3229 1293 3270 utrum
1311 3236 1356 3283 ne,
1380 3226 1412 3271 ut

164 3295 231 3356 pter
238 3285 365 3340 bbromm
373 3301 492 3340 meorum
506 3301 674 3339 eonsensum:
693 3283 774 3338 Snak.
809 3292 850 3338 eat
867 3285 895 3337 in
911 3283 983 3338 Flor.
1001 3283 1090 3338 DFIG
1108 3285 1147 3352 (in
1165 3287 1213 3339 boc
1230 3295 1318 3338 autem
1331 3285 1368 3340 sic
1379 3295 1412 3338 at

164 3371 223 3408 non
240 3361 429 3408 commemorat
445 3352 496 3406 nisi
514 3352 678 3406 Leidensem.
708 3351 776 3407 Post
810 3370 862 3405 uon
883 3361 946 3406 ante
966 3354 1032 3406 ratis
1051 3363 1118 3406 certo
1145 3353 1308 3422 adderetur).
1347 3354 1412 3407 Non

163 3421 248 3492 paulo
266 3425 359 3474 luraur
376 3423 556 3491 appetebatur
574 3419 600 3472 in
618 3421 691 3475 libris
703 3420 775 3475 Flor.
810 3419 919 3472 dubium
945 3428 986 3472 est
1011 3420 1074 3491 quin
1101 3430 1173 3473 recte
1199 3439 1216 3474 a
1238 3421 1313 3474 nobis
1333 3438 1411 3493 prae-

163 3504 206 3543 est
223 3487 390 3560 praeterFG
403 3487 525 3542 omnibus
535 3505 645 3558 eamque
663 3489 698 3542 ob
715 3505 776 3542 eau-
810 3495 891 3540 eunte
908 3487 999 3541 Modio
1017 3497 1163 3542 correctum
1180 3489 1222 3542 sit.
1257 3489 1410 3559 Interroga-

162 3575 223 3610 nm
242 3557 439 3611 restituendum
462 3565 617 3627 putaveram
639 3555 667 3609 in
689 3555 776 3626 priore
810 3555 890 3610 tionis
912 3556 996 3611 sor-ma
1012 3555 1121 3610 similem
1137 3556 1313 3611 confusionem
1330 3574 1411 3630 pepe·

161 3625 298 3692 editione,
321 3642 391 3678 nnnc
412 3625 447 3677 ad
464 3624 601 3694 vulgatam
619 3623 776 3695 scripturam
812 3623 849 3677 rit
865 3638 908 3691 ιιι,
927 3631 970 3689 21,
990 3630 1029 3676 17.
1047 3639 1075 3690 v,
1094 3631 1136 3691 37,
1157 3631 1197 3678 18.

162 3691 778 3815 teglat-‘thtel‘l‘tltt0ttb
812 3691 1410 3814 ..tfflttttttl'lt..turibi-⁰32·

112 3829 115 3836 ’
161 3831 259 3883 amu
277 3778 775 3896 mrlfflatratrntalm,
811 3799 930 3880 melosa
955 3827 1030 3880 rara.
1051 3777 1126 3881 roal.
1152 3836 1163 3881 1
1187 3829 1267 3882 ner-rr
1289 3829 1316 3882 r
1336 3801 1409 3883 nor!

161 3913 234 3968 qnae
251 3897 309 3966 ipsa
325 3897 388 3948 dum
406 3897 553 3966 aggeritur,
631 3847 777 3949 rbthliae
810 3895 861 3948 AB
875 3904 1021 3966 etpraeter
1037 3913 1081 3948 eos
1100 3895 1174 3950 CEll
1192 3897 1272 3949 Rern.
1289 3897 1312 3949 B
1332 3897 1409 3950 Voss.

162 3981 207 4019 rea
324 3972 402 4029 ntur,
421 3981 481 4017 eum
499 3962 526 4016 in
544 3981 570 4016 rn
608 3981 651 4015 um
670 3965 776 4034 aggeris
810 3965 989 4032 enauiyiun:
1013 3963 1117 4033 utrique
1139 3963 1233 4018 omisso
1251 3963 1407 4018 acmuativo.

161 4051 225 4086 eum
289 4040 342 4085 tur.
379 4029 614 4086 Confurioautem
633 4031 776 4086 indenata
809 4030 903 4102 Itaque
921 4031 1004 4084 Aldus
1022 4035 1125 4084 navitam
1143 4035 1252 4085 classem
1270 4032 1303 4084 de
1320 4031 1408 4086 eonio-

160 4109 205 4154 est
227 4101 300 4171 quod
326 4099 488 4170 praepositio
511 4102 562 4166 ud,
590 4115 660 4169 quae
683 4109 724 4153 est
746 4100 774 4154 in
809 4107 886 4152 etura
903 4100 988 4162 dedit,
1005 4115 1115 4168 eamque
1138 4099 1216 4168 vulgo
1239 4099 1321 4152 secuti
1344 4109 1407 4154 sunt

160 4168 310 4290 aggarendi
327 4169 419 4236 verbo,
437 4165 587 4238 insequenti
605 4167 774 4222 consonaein'
808 4165 915 4238 reliqui,
939 4185 986 4220 nos
1004 4169 1110 4235 navigia
1128 4167 1228 4237 potiris,
1254 4169 1325 4238 quod
1341 4167 1407 4222 item

159 4237 294 4308 perisque
311 4235 383 4290 libris
400 4235 601 4290 assimilabatur.
807 4234 927 4288 voluerat
945 4233 1076 4299 Heinsius,
1095 4235 1261 4290 correximus.
1302 4236 1407 4290 Dicitur·

198 4309 221 4372 ς.
237 4314 266 4358 11
287 4321 335 4356 aee
346 4315 531 4373 perseveraret
549 4323 585 4356 an
603 4303 687 4356 abiret
705 4303 772 4356 satir
807 4303 911 4374 quidem
933 4303 987 4356 sere
1010 4303 1153 4356 exercitum
1171 4304 1287 4358 dividere
1305 4304 1332 4358 in
1348 4323 1407 4358 eor·

160 4377 241 4440 certa]
270 4372 359 4442 Vulgo
381 4371 444 4425 inde
467 4371 501 4424 ab
522 4371 621 4425 Aldina
642 4371 731 4425 editur
749 4380 772 4424 et
806 4389 872 4438 nua,
903 4371 949 4424 aed
983 4389 1082 4424 summa
1113 4372 1216 4425 navium
1248 4371 1331 4424 relata
1357 4390 1407 4444 pro
