<?xml version="1.0" encoding="UTF-8"?>
<!DOCTYPE html PUBLIC "-//W3C//DTD XHTML 1.0 Transitional//EN"
    "http://www.w3.org/TR/xhtml1/DTD/xhtml1-transitional.dtd">
<html xmlns="http://www.w3.org/1999/xhtml" xml:lang="en" lang="en">
 <head>
  <title>
</title>
<meta http-equiv="Content-Type" content="text/html;charset=utf-8" />
  <meta name='ocr-system' content='tesseract 3.04.00' />
  <meta name='ocr-capabilities' content='ocr_page ocr_carea ocr_par ocr_line ocrx_word'/>
</head>
<body>
  <div class='ocr_page' id='page_1' title='image "./qcurtiirufidege03rufugoog_0532.png"; bbox 0 0 3258 5120; ppageno 0'>
   <div class='ocr_carea' id='block_1_1' title="bbox 528 281 1393 374">
    <p class='ocr_par' dir='ltr' id='par_1_1' title="bbox 528 281 1393 374">
     <span class='ocr_line' id='line_1_1' title="bbox 528 281 1393 374; baseline -0.007 -18"><span class='ocrx_word' id='word_1_1' title='bbox 528 307 577 356; x_wconf 85' lang='lat' dir='ltr'>na</span> <span class='ocrx_word' id='word_1_2' title='bbox 604 304 729 358; x_wconf 84' lang='lat' dir='ltr'>easrrs</span> <span class='ocrx_word' id='word_1_3' title='bbox 762 306 872 358; x_wconf 69' lang='lat' dir='ltr'>anax.</span> <span class='ocrx_word' id='word_1_4' title='bbox 899 309 935 374; x_wconf 87' lang='lat' dir='ltr'>x,</span> <span class='ocrx_word' id='word_1_5' title='bbox 962 302 1004 354; x_wconf 66' lang='grc' dir='ltr'>ιι.</span> <span class='ocrx_word' id='word_1_6' title='bbox 1322 281 1393 352; x_wconf 85' lang='grc'>505</span> 
     </span>
    </p>
   </div>
   <div class='ocr_carea' id='block_1_2' title="bbox 12 483 1460 3024">
    <p class='ocr_par' dir='ltr' id='par_1_2' title="bbox 12 483 1460 3024">
     <span class='ocr_line' id='line_1_2' title="bbox 12 483 1397 588; baseline -0.002 -29"><span class='ocrx_word' id='word_1_7' title='bbox 12 495 22 530; x_wconf 84' lang='lat'><em>¹</em></span> <span class='ocrx_word' id='word_1_8' title='bbox 91 491 275 564; x_wconf 70' lang='lat' dir='ltr'>adebito</span> <span class='ocrx_word' id='word_1_9' title='bbox 302 488 491 578; x_wconf 88' lang='lat' dir='ltr'>liberatus,</span> <span class='ocrx_word' id='word_1_10' title='bbox 518 490 667 588; x_wconf 82' lang='lat' dir='ltr'>fatigata</span> <span class='ocrx_word' id='word_1_11' title='bbox 692 487 854 561; x_wconf 90' lang='lat' dir='ltr'>membra</span> <span class='ocrx_word' id='word_1_12' title='bbox 879 486 1009 559; x_wconf 87' lang='lat' dir='ltr'>reiecit</span> <span class='ocrx_word' id='word_1_13' title='bbox 1051 483 1272 581; x_wconf 90' lang='lat' dir='ltr'>Propiusque</span> <span class='ocrx_word' id='word_1_14' title='bbox 1297 483 1397 556; x_wconf 86' lang='lat' dir='ltr'>adire</span> 
     </span>
     <span class='ocr_line' id='line_1_3' title="bbox 12 575 1396 698; baseline -0.005 -24"><span class='ocrx_word' id='word_1_15' title='bbox 12 575 19 608; x_wconf 52' lang='grc' dir='ltr'><strong><em>Γ</em></strong></span> <span class='ocrx_word' id='word_1_16' title='bbox 137 600 258 673; x_wconf 89' lang='lat' dir='ltr'>iussis</span> <span class='ocrx_word' id='word_1_17' title='bbox 295 599 435 690; x_wconf 90' lang='lat' dir='ltr'>amicis,</span> <span class='ocrx_word' id='word_1_18' title='bbox 480 601 587 698; x_wconf 92' lang='lat' dir='ltr'>(narn</span> <span class='ocrx_word' id='word_1_19' title='bbox 622 611 659 673; x_wconf 90' lang='lat' dir='ltr'>et</span> <span class='ocrx_word' id='word_1_20' title='bbox 692 624 767 670; x_wconf 87' lang='lat' dir='ltr'>vox</span> <span class='ocrx_word' id='word_1_21' title='bbox 803 597 954 670; x_wconf 89' lang='lat' dir='ltr'>deficere</span> <span class='ocrx_word' id='word_1_22' title='bbox 988 598 1059 668; x_wconf 92' lang='lat' dir='ltr'>iam</span> <span class='ocrx_word' id='word_1_23' title='bbox 1092 605 1260 690; x_wconf 88' lang='lat' dir='ltr'>coeperat</span> <span class='ocrx_word' id='word_1_24' title='bbox 1268 594 1302 688; x_wconf 91' lang='lat'>,)</span> <span class='ocrx_word' id='word_1_25' title='bbox 1337 595 1396 668; x_wconf 92' lang='lat' dir='ltr'>de·</span> 
     </span>
     <span class='ocr_line' id='line_1_4' title="bbox 12 703 1395 806; baseline -0.004 -22"><span class='ocrx_word' id='word_1_26' title='bbox 12 737 21 766; x_wconf 62' lang='lat'>⁴·</span> <span class='ocrx_word' id='word_1_27' title='bbox 139 721 309 783; x_wconf 88' lang='lat' dir='ltr'>tractum</span> <span class='ocrx_word' id='word_1_28' title='bbox 336 711 483 792; x_wconf 87' lang='lat' dir='ltr'>anulum</span> <span class='ocrx_word' id='word_1_29' title='bbox 510 709 640 806; x_wconf 81' lang='lat' dir='ltr'>digito,</span> <span class='ocrx_word' id='word_1_30' title='bbox 669 707 858 781; x_wconf 82' lang='lat' dir='ltr'>Perdiccae</span> <span class='ocrx_word' id='word_1_31' title='bbox 887 706 1050 795; x_wconf 81' lang='lat' dir='ltr'><strong>tradidit,</strong></span> <span class='ocrx_word' id='word_1_32' title='bbox 1077 703 1224 777; x_wconf 89' lang='lat' dir='ltr'>adiectis</span> <span class='ocrx_word' id='word_1_33' title='bbox 1251 705 1395 778; x_wconf 87' lang='lat' dir='ltr'>manda·</span> 
     </span>
     <span class='ocr_line' id='line_1_5' title="bbox 12 811 1396 922; baseline -0.001 -33"><span class='ocrx_word' id='word_1_34' title='bbox 12 811 17 922; x_wconf 67' lang='lat' dir='ltr'>f</span> <span class='ocrx_word' id='word_1_35' title='bbox 99 821 216 909; x_wconf 75' lang='lat' dir='ltr'>stis,</span> <span class='ocrx_word' id='word_1_36' title='bbox 254 831 295 893; x_wconf 90' lang='lat' dir='ltr'>ut</span> <span class='ocrx_word' id='word_1_37' title='bbox 321 847 451 919; x_wconf 84' lang='lat' dir='ltr'>eorpus</span> <span class='ocrx_word' id='word_1_38' title='bbox 479 845 583 892; x_wconf 90' lang='lat' dir='ltr'>suum</span> <span class='ocrx_word' id='word_1_39' title='bbox 610 819 655 890; x_wconf 94' lang='lat' dir='ltr'>ad</span> <span class='ocrx_word' id='word_1_40' title='bbox 681 817 920 892; x_wconf 81' lang='lat' dir='ltr'><strong>Hammonem</strong></span> <span class='ocrx_word' id='word_1_41' title='bbox 946 818 1028 890; x_wconf 90' lang='lat' dir='ltr'>ferri</span> <span class='ocrx_word' id='word_1_42' title='bbox 1056 818 1228 891; x_wconf 87' lang='lat' dir='ltr'>iuberent.</span> <span class='ocrx_word' id='word_1_43' title='bbox 1283 813 1396 903; x_wconf 85' lang='lat' dir='ltr'>Quae·</span> 
     </span>
     <span class='ocr_line' id='line_1_6' title="bbox 142 927 1396 1026; baseline -0.001 -24"><span class='ocrx_word' id='word_1_44' title='bbox 142 932 314 1005; x_wconf 89' lang='lat' dir='ltr'>rentibus</span> <span class='ocrx_word' id='word_1_45' title='bbox 333 933 398 1020; x_wconf 90' lang='lat' dir='ltr'>his,</span> <span class='ocrx_word' id='word_1_46' title='bbox 425 931 482 1002; x_wconf 85' lang='lat' dir='ltr'>cui</span> <span class='ocrx_word' id='word_1_47' title='bbox 501 930 715 1025; x_wconf 88' lang='lat' dir='ltr'>relinqueret</span> <span class='ocrx_word' id='word_1_48' title='bbox 733 929 905 1026; x_wconf 86' lang='lat' dir='ltr'>regnum?</span> <span class='ocrx_word' id='word_1_49' title='bbox 932 927 1125 1026; x_wconf 78' lang='lat' dir='ltr'><strong>respondit,</strong></span> <span class='ocrx_word' id='word_1_50' title='bbox 1153 927 1195 1016; x_wconf 88' lang='lat' dir='ltr'>ei,</span> <span class='ocrx_word' id='word_1_51' title='bbox 1222 927 1396 1024; x_wconf 88' lang='lat' dir='ltr'>quiesset</span> 
     </span>
     <span class='ocr_line' id='line_1_7' title="bbox 12 1039 1397 1140; baseline -0.001 -26"><span class='ocrx_word' id='word_1_52' title='bbox 12 1047 15 1080; x_wconf 79' lang='lat'><em>¹</em></span> <span class='ocrx_word' id='word_1_53' title='bbox 143 1043 326 1140; x_wconf 90' lang='lat' dir='ltr'>optimus;</span> <span class='ocrx_word' id='word_1_54' title='bbox 364 1051 524 1114; x_wconf 86' lang='lat' dir='ltr'>ceterum</span> <span class='ocrx_word' id='word_1_55' title='bbox 558 1040 746 1137; x_wconf 90' lang='lat' dir='ltr'>providere</span> <span class='ocrx_word' id='word_1_56' title='bbox 773 1043 844 1114; x_wconf 91' lang='lat' dir='ltr'>iam</span> <span class='ocrx_word' id='word_1_57' title='bbox 871 1065 929 1130; x_wconf 88' lang='lat' dir='ltr'>se,</span> <span class='ocrx_word' id='word_1_58' title='bbox 964 1041 1010 1112; x_wconf 92' lang='lat' dir='ltr'>ob</span> <span class='ocrx_word' id='word_1_59' title='bbox 1045 1039 1082 1110; x_wconf 92' lang='lat' dir='ltr'>id</span> <span class='ocrx_word' id='word_1_60' title='bbox 1108 1049 1289 1112; x_wconf 86' lang='lat' dir='ltr'>certamen</span> <span class='ocrx_word' id='word_1_61' title='bbox 1323 1063 1397 1113; x_wconf 89' lang='lat' dir='ltr'>ma·</span> 
     </span>
     <span class='ocr_line' id='line_1_8' title="bbox 12 1125 1397 1250; baseline -0.001 -26"><span class='ocrx_word' id='word_1_62' title='bbox 12 1125 18 1236; x_wconf 63' lang='lat' dir='ltr'>f</span> <span class='ocrx_word' id='word_1_63' title='bbox 104 1169 121 1217; x_wconf 76' lang='lat'><strong>⁰</strong></span> <span class='ocrx_word' id='word_1_64' title='bbox 143 1177 244 1250; x_wconf 85' lang='lat' dir='ltr'>gnos</span> <span class='ocrx_word' id='word_1_65' title='bbox 281 1153 449 1226; x_wconf 81' lang='lat' dir='ltr'>funebres</span> <span class='ocrx_word' id='word_1_66' title='bbox 477 1150 581 1222; x_wconf 90' lang='lat' dir='ltr'>ludos</span> <span class='ocrx_word' id='word_1_67' title='bbox 608 1151 725 1248; x_wconf 87' lang='lat' dir='ltr'>parari</span> <span class='ocrx_word' id='word_1_68' title='bbox 753 1153 829 1224; x_wconf 89' lang='lat' dir='ltr'>sibi.</span> <span class='ocrx_word' id='word_1_69' title='bbox 890 1150 1028 1223; x_wconf 85' lang='lat' dir='ltr'><strong>Rursus</strong></span> <span class='ocrx_word' id='word_1_70' title='bbox 1054 1145 1224 1222; x_wconf 81' lang='lat' dir='ltr'>Perdicca</span> <span class='ocrx_word' id='word_1_71' title='bbox 1249 1149 1397 1222; x_wconf 87' lang='lat' dir='ltr'>interro·</span> 
     </span>
     <span class='ocr_line' id='line_1_9' title="bbox 12 1257 1396 1360; baseline -0.004 -23"><span class='ocrx_word' id='word_1_72' title='bbox 12 1279 15 1314; x_wconf 86' lang='lat'><strong>¹</strong></span> <span class='ocrx_word' id='word_1_73' title='bbox 69 1279 74 1287; x_wconf 90' lang='lat'>&#39;</span> <span class='ocrx_word' id='word_1_74' title='bbox 144 1273 279 1360; x_wconf 83' lang='lat' dir='ltr'>ganta,</span> <span class='ocrx_word' id='word_1_75' title='bbox 314 1261 458 1359; x_wconf 91' lang='lat' dir='ltr'>quando</span> <span class='ocrx_word' id='word_1_76' title='bbox 487 1263 659 1334; x_wconf 86' lang='lat' dir='ltr'>coelestes</span> <span class='ocrx_word' id='word_1_77' title='bbox 691 1263 847 1335; x_wconf 86' lang='lat' dir='ltr'>honores</span> <span class='ocrx_word' id='word_1_78' title='bbox 879 1261 1003 1334; x_wconf 89' lang='lat' dir='ltr'>haberi</span> <span class='ocrx_word' id='word_1_79' title='bbox 1035 1260 1103 1333; x_wconf 87' lang='lat' dir='ltr'>sibi</span> <span class='ocrx_word' id='word_1_80' title='bbox 1129 1257 1262 1333; x_wconf 81' lang='lat' dir='ltr'>vellet?</span> <span class='ocrx_word' id='word_1_81' title='bbox 1295 1258 1396 1350; x_wconf 89' lang='lat' dir='ltr'>dixit,</span> 
     </span>
     <span class='ocr_line' id='line_1_10' title="bbox 12 1361 1397 1470; baseline -0.002 -24"><span class='ocrx_word' id='word_1_82' title='bbox 12 1361 15 1470; x_wconf 59' lang='grc' dir='ltr'><em>ζ</em></span> <span class='ocrx_word' id='word_1_83' title='bbox 145 1384 232 1446; x_wconf 91' lang='lat' dir='ltr'>tum</span> <span class='ocrx_word' id='word_1_84' title='bbox 257 1374 360 1462; x_wconf 89' lang='lat' dir='ltr'>velle,</span> <span class='ocrx_word' id='word_1_85' title='bbox 387 1397 469 1443; x_wconf 86' lang='lat' dir='ltr'>curn</span> <span class='ocrx_word' id='word_1_86' title='bbox 496 1373 563 1468; x_wconf 91' lang='lat' dir='ltr'>ipsi</span> <span class='ocrx_word' id='word_1_87' title='bbox 588 1372 706 1446; x_wconf 83' lang='lat' dir='ltr'>labeas</span> <span class='ocrx_word' id='word_1_88' title='bbox 734 1383 863 1446; x_wconf 90' lang='lat' dir='ltr'>essent</span> <span class='ocrx_word' id='word_1_89' title='bbox 916 1369 1090 1470; x_wconf 88' lang='lat' dir='ltr'>Suprema</span> <span class='ocrx_word' id='word_1_90' title='bbox 1115 1372 1204 1443; x_wconf 89' lang='lat' dir='ltr'>haee</span> <span class='ocrx_word' id='word_1_91' title='bbox 1230 1394 1304 1442; x_wconf 86' lang='lat' dir='ltr'>vox</span> <span class='ocrx_word' id='word_1_92' title='bbox 1329 1369 1397 1443; x_wconf 86' lang='lat' dir='ltr'>suit</span> 
     </span>
     <span class='ocr_line' id='line_1_11' title="bbox 146 1482 831 1584; baseline -0.003 -28"><span class='ocrx_word' id='word_1_93' title='bbox 146 1486 266 1584; x_wconf 85' lang='lat' dir='ltr'>regis,</span> <span class='ocrx_word' id='word_1_94' title='bbox 294 1495 331 1558; x_wconf 91' lang='lat' dir='ltr'>et</span> <span class='ocrx_word' id='word_1_95' title='bbox 356 1484 464 1580; x_wconf 90' lang='lat' dir='ltr'>paulo</span> <span class='ocrx_word' id='word_1_96' title='bbox 491 1493 575 1580; x_wconf 88' lang='lat' dir='ltr'>post</span> <span class='ocrx_word' id='word_1_97' title='bbox 601 1482 778 1580; x_wconf 78' lang='lat' dir='ltr'>extinguit</span> <span class='ocrx_word' id='word_1_98' title='bbox 822 1539 831 1554; x_wconf 89' lang='lat'><strong>.</strong></span> 
     </span>
     <span class='ocr_line' id='line_1_12' title="bbox 12 1592 1445 1702; baseline 0.004 -42"><span class='ocrx_word' id='word_1_99' title='bbox 12 1676 13 1702; x_wconf 20' lang='grc' dir='ltr'>ἢ</span> <span class='ocrx_word' id='word_1_100' title='bbox 110 1615 127 1660; x_wconf 80' lang='lat'>⁷</span> <span class='ocrx_word' id='word_1_101' title='bbox 166 1633 184 1674; x_wconf 59' lang='lat'>·,</span> <span class='ocrx_word' id='word_1_102' title='bbox 257 1593 312 1666; x_wconf 89' lang='lat' dir='ltr'>Ac</span> <span class='ocrx_word' id='word_1_103' title='bbox 339 1593 454 1692; x_wconf 91' lang='lat' dir='ltr'>primo</span> <span class='ocrx_word' id='word_1_104' title='bbox 480 1595 625 1691; x_wconf 90' lang='lat' dir='ltr'>ploratu</span> <span class='ocrx_word' id='word_1_105' title='bbox 648 1594 886 1690; x_wconf 84' lang='lat' dir='ltr'>lamentisque</span> <span class='ocrx_word' id='word_1_106' title='bbox 912 1603 949 1666; x_wconf 94' lang='lat' dir='ltr'>et</span> <span class='ocrx_word' id='word_1_107' title='bbox 966 1592 1168 1690; x_wconf 88' lang='lat' dir='ltr'>planctibus</span> <span class='ocrx_word' id='word_1_108' title='bbox 1195 1602 1273 1666; x_wconf 87' lang='lat' dir='ltr'>tota</span> <span class='ocrx_word' id='word_1_109' title='bbox 1298 1595 1445 1692; x_wconf 87' lang='lat' dir='ltr'>regia15</span> 
     </span>
     <span class='ocr_line' id='line_1_13' title="bbox 12 1703 1396 1802; baseline -0.003 -22"><span class='ocrx_word' id='word_1_110' title='bbox 12 1751 14 1780; x_wconf 62' lang='lat' dir='ltr'>i</span> <span class='ocrx_word' id='word_1_111' title='bbox 105 1759 113 1772; x_wconf 88' lang='lat'><strong>.</strong></span> <span class='ocrx_word' id='word_1_112' title='bbox 149 1706 388 1802; x_wconf 85' lang='lat' dir='ltr'>personabat:</span> <span class='ocrx_word' id='word_1_113' title='bbox 414 1729 502 1777; x_wconf 85' lang='lat' dir='ltr'>mox</span> <span class='ocrx_word' id='word_1_114' title='bbox 521 1706 621 1777; x_wconf 91' lang='lat' dir='ltr'>velut</span> <span class='ocrx_word' id='word_1_115' title='bbox 646 1705 814 1800; x_wconf 89' lang='lat' dir='ltr'>invasta</span> <span class='ocrx_word' id='word_1_116' title='bbox 830 1703 1021 1778; x_wconf 87' lang='lat' dir='ltr'>solitudine</span> <span class='ocrx_word' id='word_1_117' title='bbox 1039 1703 1159 1776; x_wconf 93' lang='lat' dir='ltr'>omnia</span> <span class='ocrx_word' id='word_1_118' title='bbox 1175 1704 1268 1776; x_wconf 86' lang='lat' dir='ltr'>tristi</span> <span class='ocrx_word' id='word_1_119' title='bbox 1295 1705 1396 1778; x_wconf 90' lang='lat' dir='ltr'>silen-</span> 
     </span>
     <span class='ocr_line' id='line_1_14' title="bbox 153 1813 1460 1913; baseline 0.002 -27"><span class='ocrx_word' id='word_1_120' title='bbox 153 1815 208 1886; x_wconf 90' lang='lat' dir='ltr'>tio</span> <span class='ocrx_word' id='word_1_121' title='bbox 235 1827 339 1889; x_wconf 90' lang='lat' dir='ltr'>muta</span> <span class='ocrx_word' id='word_1_122' title='bbox 364 1815 574 1913; x_wconf 87' lang='lat' dir='ltr'>torpebant,</span> <span class='ocrx_word' id='word_1_123' title='bbox 609 1813 655 1886; x_wconf 93' lang='lat' dir='ltr'>ad</span> <span class='ocrx_word' id='word_1_124' title='bbox 682 1815 935 1912; x_wconf 85' lang='lat' dir='ltr'>cogitat-iones,</span> <span class='ocrx_word' id='word_1_125' title='bbox 971 1813 1057 1911; x_wconf 93' lang='lat' dir='ltr'>quid</span> <span class='ocrx_word' id='word_1_126' title='bbox 1083 1814 1212 1889; x_wconf 87' lang='lat' dir='ltr'>deinde</span> <span class='ocrx_word' id='word_1_127' title='bbox 1238 1816 1397 1888; x_wconf 86' lang='lat' dir='ltr'>futurum</span> <span class='ocrx_word' id='word_1_128' title='bbox 1458 1840 1460 1848; x_wconf 59' lang='lat'><strong><em>⁴</em></strong></span> 
     </span>
     <span class='ocr_line' id='line_1_15' title="bbox 12 1906 1395 2024; baseline 0.004 -31"><span class='ocrx_word' id='word_1_129' title='bbox 12 1928 14 2014; x_wconf 45' lang='grc' dir='ltr'><strong>ᾗ</strong></span> <span class='ocrx_word' id='word_1_130' title='bbox 113 1936 266 2016; x_wconf 87' lang='lat' dir='ltr'>sesset,</span> <span class='ocrx_word' id='word_1_131' title='bbox 302 1906 427 2000; x_wconf 80' lang='lat' dir='ltr'>dolore</span> <span class='ocrx_word' id='word_1_132' title='bbox 462 1950 646 2000; x_wconf 87' lang='lat' dir='ltr'>converso.</span> <span class='ocrx_word' id='word_1_133' title='bbox 706 1922 852 1998; x_wconf 87' lang='lat' dir='ltr'>Nobiles</span> <span class='ocrx_word' id='word_1_134' title='bbox 887 1927 989 2022; x_wconf 89' lang='lat' dir='ltr'>pueri</span> <span class='ocrx_word' id='word_1_135' title='bbox 1022 1923 1207 1999; x_wconf 86' lang='lat' dir='ltr'>custodiae</span> <span class='ocrx_word' id='word_1_136' title='bbox 1238 1927 1395 2024; x_wconf 91' lang='lat' dir='ltr'>corporis</span> 
     </span>
     <span class='ocr_line' id='line_1_16' title="bbox 150 2035 1396 2136; baseline 0.001 -27"><span class='ocrx_word' id='word_1_137' title='bbox 150 2037 229 2110; x_wconf 90' lang='lat' dir='ltr'>eius</span> <span class='ocrx_word' id='word_1_138' title='bbox 257 2038 392 2112; x_wconf 87' lang='lat' dir='ltr'>assueti</span> <span class='ocrx_word' id='word_1_139' title='bbox 417 2061 485 2110; x_wconf 83' lang='lat' dir='ltr'>nec</span> <span class='ocrx_word' id='word_1_140' title='bbox 512 2036 644 2110; x_wconf 88' lang='lat' dir='ltr'>doloris</span> <span class='ocrx_word' id='word_1_141' title='bbox 670 2035 953 2134; x_wconf 51' lang='lat' dir='ltr'>mabmritudinem</span> <span class='ocrx_word' id='word_1_142' title='bbox 979 2063 1116 2136; x_wconf 86' lang='lat' dir='ltr'>capere,</span> <span class='ocrx_word' id='word_1_143' title='bbox 1142 2062 1209 2111; x_wconf 91' lang='lat' dir='ltr'>nec</span> <span class='ocrx_word' id='word_1_144' title='bbox 1235 2061 1273 2110; x_wconf 91' lang='lat' dir='ltr'>se</span> <span class='ocrx_word' id='word_1_145' title='bbox 1300 2037 1396 2135; x_wconf 87' lang='lat' dir='ltr'>ipsos</span> 
     </span>
     <span class='ocr_line' id='line_1_17' title="bbox 150 2148 1395 2247; baseline 0 -27"><span class='ocrx_word' id='word_1_146' title='bbox 150 2148 249 2221; x_wconf 90' lang='lat' dir='ltr'>intra</span> <span class='ocrx_word' id='word_1_147' title='bbox 274 2148 495 2222; x_wconf 88' lang='lat' dir='ltr'>vestibulum</span> <span class='ocrx_word' id='word_1_148' title='bbox 513 2148 634 2246; x_wconf 86' lang='lat' dir='ltr'>regiae</span> <span class='ocrx_word' id='word_1_149' title='bbox 660 2156 782 2221; x_wconf 88' lang='lat' dir='ltr'>tenere</span> <span class='ocrx_word' id='word_1_150' title='bbox 800 2159 1010 2245; x_wconf 88' lang='lat' dir='ltr'>potuerunt:</span> <span class='ocrx_word' id='word_1_151' title='bbox 1036 2149 1190 2247; x_wconf 83' lang='lat' dir='ltr'>vagique</span> <span class='ocrx_word' id='word_1_152' title='bbox 1217 2159 1254 2222; x_wconf 93' lang='lat' dir='ltr'>et</span> <span class='ocrx_word' id='word_1_153' title='bbox 1279 2148 1395 2221; x_wconf 85' lang='lat' dir='ltr'>furen-</span> 
     </span>
     <span class='ocr_line' id='line_1_18' title="bbox 152 2258 1397 2357; baseline -0.001 -26"><span class='ocrx_word' id='word_1_154' title='bbox 152 2258 251 2332; x_wconf 87' lang='lat' dir='ltr'>tibus</span> <span class='ocrx_word' id='word_1_155' title='bbox 278 2259 411 2332; x_wconf 84' lang='lat' dir='ltr'>similes</span> <span class='ocrx_word' id='word_1_156' title='bbox 437 2267 553 2332; x_wconf 85' lang='lat' dir='ltr'>totam</span> <span class='ocrx_word' id='word_1_157' title='bbox 579 2258 706 2332; x_wconf 89' lang='lat' dir='ltr'>urbem</span> <span class='ocrx_word' id='word_1_158' title='bbox 730 2260 830 2332; x_wconf 91' lang='lat' dir='ltr'>luctu</span> <span class='ocrx_word' id='word_1_159' title='bbox 864 2283 907 2332; x_wconf 86' lang='lat' dir='ltr'>ac</span> <span class='ocrx_word' id='word_1_160' title='bbox 932 2283 1092 2334; x_wconf 88' lang='lat' dir='ltr'>maerore</span> <span class='ocrx_word' id='word_1_161' title='bbox 1119 2260 1397 2357; x_wconf 86' lang='lat' dir='ltr'>compleverant,</span> 
     </span>
     <span class='ocr_line' id='line_1_19' title="bbox 154 2369 1396 2468; baseline 0.001 -27"><span class='ocrx_word' id='word_1_162' title='bbox 154 2371 262 2444; x_wconf 91' lang='lat' dir='ltr'>nullis</span> <span class='ocrx_word' id='word_1_163' title='bbox 295 2369 481 2467; x_wconf 86' lang='lat' dir='ltr'>questibus</span> <span class='ocrx_word' id='word_1_164' title='bbox 514 2369 671 2458; x_wconf 87' lang='lat' dir='ltr'>omissis,</span> <span class='ocrx_word' id='word_1_165' title='bbox 707 2394 796 2466; x_wconf 92' lang='lat' dir='ltr'>quos</span> <span class='ocrx_word' id='word_1_166' title='bbox 828 2371 866 2442; x_wconf 91' lang='lat' dir='ltr'>in</span> <span class='ocrx_word' id='word_1_167' title='bbox 897 2371 961 2443; x_wconf 88' lang='lat' dir='ltr'>tali</span> <span class='ocrx_word' id='word_1_168' title='bbox 986 2395 1072 2444; x_wconf 86' lang='lat' dir='ltr'>casu</span> <span class='ocrx_word' id='word_1_169' title='bbox 1098 2369 1202 2443; x_wconf 87' lang='lat' dir='ltr'>dolor</span> <span class='ocrx_word' id='word_1_170' title='bbox 1226 2369 1396 2468; x_wconf 84' lang='lat' dir='ltr'>suggerit.</span> 
     </span>
     <span class='ocr_line' id='line_1_20' title="bbox 12 2478 1397 2580; baseline -0.003 -24"><span class='ocrx_word' id='word_1_171' title='bbox 12 2529 13 2556; x_wconf 62' lang='grc'><strong>;</strong></span> <span class='ocrx_word' id='word_1_172' title='bbox 121 2478 251 2578; x_wconf 83' lang='lat' dir='ltr'>eErgo</span> <span class='ocrx_word' id='word_1_173' title='bbox 278 2481 339 2578; x_wconf 92' lang='lat' dir='ltr'>qui</span> <span class='ocrx_word' id='word_1_174' title='bbox 366 2491 472 2554; x_wconf 89' lang='lat' dir='ltr'>extra</span> <span class='ocrx_word' id='word_1_175' title='bbox 496 2481 633 2580; x_wconf 90' lang='lat' dir='ltr'>regiam</span> <span class='ocrx_word' id='word_1_176' title='bbox 659 2480 850 2554; x_wconf 88' lang='lat' dir='ltr'>astiterant</span> <span class='ocrx_word' id='word_1_177' title='bbox 871 2478 1086 2554; x_wconf 84' lang='lat' dir='ltr'>Macedones</span> <span class='ocrx_word' id='word_1_178' title='bbox 1112 2481 1246 2578; x_wconf 81' lang='lat' dir='ltr'>pariter</span> <span class='ocrx_word' id='word_1_179' title='bbox 1271 2479 1397 2554; x_wconf 86' lang='lat' dir='ltr'>barba·</span> 
     </span>
     <span class='ocr_line' id='line_1_21' title="bbox 12 2591 1398 2692; baseline -0.001 -29"><span class='ocrx_word' id='word_1_180' title='bbox 12 2603 13 2616; x_wconf 61' lang='lat'>¹</span> <span class='ocrx_word' id='word_1_181' title='bbox 156 2591 255 2688; x_wconf 86' lang='lat' dir='ltr'>rique</span> <span class='ocrx_word' id='word_1_182' title='bbox 282 2602 518 2682; x_wconf 89' lang='lat' dir='ltr'>concurrunt,</span> <span class='ocrx_word' id='word_1_183' title='bbox 553 2617 619 2666; x_wconf 88' lang='lat' dir='ltr'>nec</span> <span class='ocrx_word' id='word_1_184' title='bbox 644 2601 813 2692; x_wconf 88' lang='lat' dir='ltr'>poterant</span> <span class='ocrx_word' id='word_1_185' title='bbox 848 2592 981 2664; x_wconf 87' lang='lat' dir='ltr'>vietia</span> <span class='ocrx_word' id='word_1_186' title='bbox 1014 2591 1209 2665; x_wconf 88' lang='lat' dir='ltr'>victoribus</span> <span class='ocrx_word' id='word_1_187' title='bbox 1242 2592 1278 2664; x_wconf 93' lang='lat' dir='ltr'>in</span> <span class='ocrx_word' id='word_1_188' title='bbox 1305 2601 1398 2664; x_wconf 88' lang='lat' dir='ltr'>com·</span> 
     </span>
     <span class='ocr_line' id='line_1_22' title="bbox 155 2700 1398 2778; baseline 0.001 -5"><span class='ocrx_word' id='word_1_189' title='bbox 155 2702 255 2774; x_wconf 93' lang='lat' dir='ltr'>muni</span> <span class='ocrx_word' id='word_1_190' title='bbox 288 2700 412 2777; x_wconf 88' lang='lat' dir='ltr'>dolore</span> <span class='ocrx_word' id='word_1_191' title='bbox 448 2701 610 2778; x_wconf 87' lang='lat' dir='ltr'>discerni.</span> <span class='ocrx_word' id='word_1_192' title='bbox 662 2702 795 2777; x_wconf 89' lang='lat' dir='ltr'>Persae</span> <span class='ocrx_word' id='word_1_193' title='bbox 830 2703 1061 2776; x_wconf 88' lang='lat' dir='ltr'>iustissimum</span> <span class='ocrx_word' id='word_1_194' title='bbox 1096 2727 1138 2776; x_wconf 90' lang='lat' dir='ltr'>ac</span> <span class='ocrx_word' id='word_1_195' title='bbox 1173 2703 1398 2777; x_wconf 87' lang='lat' dir='ltr'>mitissimum</span> 
     </span>
     <span class='ocr_line' id='line_1_23' title="bbox 159 2812 1397 2915; baseline 0.003 -32"><span class='ocrx_word' id='word_1_196' title='bbox 159 2812 358 2904; x_wconf 91' lang='lat' dir='ltr'>dominum,</span> <span class='ocrx_word' id='word_1_197' title='bbox 384 2813 599 2890; x_wconf 84' lang='lat' dir='ltr'>Macedones</span> <span class='ocrx_word' id='word_1_198' title='bbox 626 2815 801 2915; x_wconf 90' lang='lat' dir='ltr'>optimum</span> <span class='ocrx_word' id='word_1_199' title='bbox 827 2839 869 2886; x_wconf 91' lang='lat' dir='ltr'>ac</span> <span class='ocrx_word' id='word_1_200' title='bbox 895 2815 1126 2887; x_wconf 84' lang='lat' dir='ltr'>fortissimum</span> <span class='ocrx_word' id='word_1_201' title='bbox 1152 2839 1273 2912; x_wconf 81' lang='lat' dir='ltr'>regem</span> <span class='ocrx_word' id='word_1_202' title='bbox 1299 2816 1397 2887; x_wconf 91' lang='lat' dir='ltr'>invo-</span> 
     </span>
     <span class='ocr_line' id='line_1_24' title="bbox 12 2907 1397 3024; baseline 0.001 -27"><span class='ocrx_word' id='word_1_203' title='bbox 12 2907 14 2948; x_wconf 73' lang='lat'><strong><em>⁷</em></strong></span> <span class='ocrx_word' id='word_1_204' title='bbox 110 2944 140 2989; x_wconf 90' lang='lat'>1⁰</span> <span class='ocrx_word' id='word_1_205' title='bbox 159 2933 297 3014; x_wconf 83' lang='lat' dir='ltr'>cantes,</span> <span class='ocrx_word' id='word_1_206' title='bbox 324 2935 506 3000; x_wconf 88' lang='lat' dir='ltr'>certamen</span> <span class='ocrx_word' id='word_1_207' title='bbox 531 2926 713 3024; x_wconf 88' lang='lat' dir='ltr'>quoddam</span> <span class='ocrx_word' id='word_1_208' title='bbox 738 2925 909 2998; x_wconf 88' lang='lat' dir='ltr'>maeroris</span> <span class='ocrx_word' id='word_1_209' title='bbox 937 2925 1100 3000; x_wconf 88' lang='lat' dir='ltr'>edebant.</span> <span class='ocrx_word' id='word_1_210' title='bbox 1146 2922 1220 2998; x_wconf 91' lang='lat' dir='ltr'>Nec</span> <span class='ocrx_word' id='word_1_211' title='bbox 1246 2935 1397 3000; x_wconf 86' lang='lat' dir='ltr'>maesto-</span> 
     </span>
    </p>
   </div>
   <div class='ocr_carea' id='block_1_3' title="bbox 157 3035 1396 3135">
    <p class='ocr_par' dir='ltr' id='par_1_3' title="bbox 157 3035 1396 3135">
     <span class='ocr_line' id='line_1_25' title="bbox 157 3035 1396 3135; baseline 0.002 -28"><span class='ocrx_word' id='word_1_212' title='bbox 157 3059 235 3107; x_wconf 90' lang='lat' dir='ltr'>rum</span> <span class='ocrx_word' id='word_1_213' title='bbox 262 3036 394 3128; x_wconf 90' lang='lat' dir='ltr'>solum,</span> <span class='ocrx_word' id='word_1_214' title='bbox 431 3036 630 3111; x_wconf 89' lang='lat' dir='ltr'>sedetiam</span> <span class='ocrx_word' id='word_1_215' title='bbox 662 3035 924 3135; x_wconf 81' lang='lat' dir='ltr'>indignantium</span> <span class='ocrx_word' id='word_1_216' title='bbox 958 3061 1065 3110; x_wconf 87' lang='lat' dir='ltr'>voces</span> <span class='ocrx_word' id='word_1_217' title='bbox 1102 3035 1396 3128; x_wconf 85' lang='lat' dir='ltr'>exaudiebantur,</span> 
     </span>
    </p>
   </div>
   <div class='ocr_carea' id='block_1_4' title="bbox 159 3310 1400 4482">
    <p class='ocr_par' dir='ltr' id='par_1_4' title="bbox 159 3310 1400 4482">
     <span class='ocr_line' id='line_1_26' title="bbox 159 3310 1400 3437; baseline 0.006 -74"><span class='ocrx_word' id='word_1_218' title='bbox 159 3310 210 3391; x_wconf 71' lang='lat' dir='ltr'>dixi</span> <span class='ocrx_word' id='word_1_219' title='bbox 235 3311 263 3364; x_wconf 91' lang='lat' dir='ltr'>in</span> <span class='ocrx_word' id='word_1_220' title='bbox 283 3329 393 3382; x_wconf 83' lang='lat' dir='ltr'>gramm.</span> <span class='ocrx_word' id='word_1_221' title='bbox 412 3312 473 3367; x_wconf 71' lang='lat' dir='ltr'>Lat</span> <span class='ocrx_word' id='word_1_222' title='bbox 491 3317 515 3383; x_wconf 68' lang='grc'>5.</span> <span class='ocrx_word' id='word_1_223' title='bbox 534 3322 593 3370; x_wconf 78' lang='grc'><strong>703.</strong></span> <span class='ocrx_word' id='word_1_224' title='bbox 636 3314 761 3370; x_wconf 80' lang='lat' dir='ltr'>Getarum</span> <span class='ocrx_word' id='word_1_225' title='bbox 795 3318 1038 3437; x_wconf 56' lang='lat' dir='ltr'>cturqprooiderot,</span> <span class='ocrx_word' id='word_1_226' title='bbox 1057 3314 1147 3369; x_wconf 84' lang='lat' dir='ltr'>Iunius</span> <span class='ocrx_word' id='word_1_227' title='bbox 1153 3318 1319 3385; x_wconf 81' lang='lat' dir='ltr'>praevidere,</span> <span class='ocrx_word' id='word_1_228' title='bbox 1338 3315 1400 3370; x_wconf 88' lang='lat' dir='ltr'>Mo·</span> 
     </span>
     <span class='ocr_line' id='line_1_27' title="bbox 159 3379 1399 3455; baseline 0.003 -23"><span class='ocrx_word' id='word_1_229' title='bbox 159 3379 267 3433; x_wconf 77' lang='lat' dir='ltr'>vidend</span> <span class='ocrx_word' id='word_1_230' title='bbox 284 3394 312 3446; x_wconf 79' lang='lat' dir='ltr'>V,</span> <span class='ocrx_word' id='word_1_231' title='bbox 331 3388 374 3447; x_wconf 80' lang='lat'>43,</span> <span class='ocrx_word' id='word_1_232' title='bbox 393 3387 418 3434; x_wconf 79' lang='lat'>2.</span> <span class='ocrx_word' id='word_1_233' title='bbox 765 3394 769 3405; x_wconf 85' lang='lat'>&#39;</span> <span class='ocrx_word' id='word_1_234' title='bbox 794 3384 853 3438; x_wconf 82' lang='lat' dir='ltr'>dius</span> <span class='ocrx_word' id='word_1_235' title='bbox 879 3401 966 3438; x_wconf 83' lang='lat' dir='ltr'>smum</span> <span class='ocrx_word' id='word_1_236' title='bbox 970 3386 1108 3455; x_wconf 82' lang='lat' dir='ltr'>providere</span> <span class='ocrx_word' id='word_1_237' title='bbox 1118 3383 1363 3454; x_wconf 71' lang='lat' dir='ltr'>quulsnakaraoit</span> <span class='ocrx_word' id='word_1_238' title='bbox 1372 3385 1399 3437; x_wconf 89' lang='lat' dir='ltr'>in</span> 
     </span>
     <span class='ocr_line' id='line_1_28' title="bbox 171 3449 1399 3526; baseline 0.004 -25"><span class='ocrx_word' id='word_1_239' title='bbox 171 3451 214 3526; x_wconf 43' lang='grc'>,5.</span> <span class='ocrx_word' id='word_1_240' title='bbox 232 3456 257 3502; x_wconf 86' lang='grc'>4.</span> <span class='ocrx_word' id='word_1_241' title='bbox 284 3449 360 3519; x_wconf 82' lang='lat' dir='ltr'>serri</span> <span class='ocrx_word' id='word_1_242' title='bbox 375 3451 490 3503; x_wconf 70' lang='lat' dir='ltr'>interm</span> <span class='ocrx_word' id='word_1_243' title='bbox 534 3450 636 3506; x_wconf 83' lang='lat' dir='ltr'>Plurali</span> <span class='ocrx_word' id='word_1_244' title='bbox 653 3469 762 3506; x_wconf 87' lang='lat' dir='ltr'>numero</span> <span class='ocrx_word' id='word_1_245' title='bbox 795 3453 871 3507; x_wconf 88' lang='lat' dir='ltr'>Leid.</span> <span class='ocrx_word' id='word_1_246' title='bbox 894 3453 1028 3507; x_wconf 82' lang='lat' dir='ltr'>inventum</span> <span class='ocrx_word' id='word_1_247' title='bbox 1050 3459 1120 3518; x_wconf 72' lang='lat' dir='ltr'>esse‘,</span> <span class='ocrx_word' id='word_1_248' title='bbox 1144 3452 1274 3524; x_wconf 86' lang='lat' dir='ltr'>simulque</span> <span class='ocrx_word' id='word_1_249' title='bbox 1291 3453 1399 3506; x_wconf 82' lang='lat' dir='ltr'>Medius</span> 
     </span>
     <span class='ocr_line' id='line_1_29' title="bbox 161 3515 1398 3596; baseline 0.005 -27"><span class='ocrx_word' id='word_1_250' title='bbox 161 3515 296 3596; x_wconf 75' lang='lat' dir='ltr'>hbrimss.</span> <span class='ocrx_word' id='word_1_251' title='bbox 314 3533 405 3572; x_wconf 80' lang='lat' dir='ltr'>omnes</span> <span class='ocrx_word' id='word_1_252' title='bbox 423 3518 484 3571; x_wconf 82' lang='lat' dir='ltr'>exhi</span> <span class='ocrx_word' id='word_1_253' title='bbox 522 3529 564 3586; x_wconf 84' lang='lat' dir='ltr'>nt,</span> <span class='ocrx_word' id='word_1_254' title='bbox 586 3539 637 3576; x_wconf 89' lang='lat' dir='ltr'>nec</span> <span class='ocrx_word' id='word_1_255' title='bbox 653 3519 703 3574; x_wconf 85' lang='lat' dir='ltr'>nisi</span> <span class='ocrx_word' id='word_1_256' title='bbox 719 3537 761 3574; x_wconf 86' lang='lat' dir='ltr'>re-</span> <span class='ocrx_word' id='word_1_257' title='bbox 794 3539 822 3576; x_wconf 79' lang='lat' dir='ltr'>se</span> <span class='ocrx_word' id='word_1_258' title='bbox 839 3521 935 3575; x_wconf 82' lang='lat' dir='ltr'>adiecit</span> <span class='ocrx_word' id='word_1_259' title='bbox 952 3521 1094 3576; x_wconf 85' lang='lat' dir='ltr'>secundum</span> <span class='ocrx_word' id='word_1_260' title='bbox 1111 3520 1185 3574; x_wconf 75' lang='lat' dir='ltr'>Laid</span> <span class='ocrx_word' id='word_1_261' title='bbox 1203 3523 1305 3577; x_wconf 78' lang='lat' dir='ltr'>Vosal</span> <span class='ocrx_word' id='word_1_262' title='bbox 1320 3525 1398 3575; x_wconf 90' lang='lat' dir='ltr'>Bern.</span> 
     </span>
     <span class='ocr_line' id='line_1_30' title="bbox 162 3586 962 3658; baseline 0.009 -21"><span class='ocrx_word' id='word_1_263' title='bbox 162 3591 273 3638; x_wconf 73' lang='lat' dir='ltr'>oenbore</span> <span class='ocrx_word' id='word_1_264' title='bbox 290 3593 380 3639; x_wconf 79' lang='lat' dir='ltr'>aetate</span> <span class='ocrx_word' id='word_1_265' title='bbox 397 3586 439 3639; x_wconf 86' lang='lat' dir='ltr'>odi</span> <span class='ocrx_word' id='word_1_266' title='bbox 458 3597 581 3658; x_wconf 86' lang='lat' dir='ltr'>coeptum</span> <span class='ocrx_word' id='word_1_267' title='bbox 599 3599 641 3642; x_wconf 82' lang='lat' dir='ltr'>est</span> <span class='ocrx_word' id='word_1_268' title='bbox 656 3591 762 3643; x_wconf 64' lang='lat' dir='ltr'>laomen</span> <span class='ocrx_word' id='word_1_269' title='bbox 796 3593 821 3644; x_wconf 82' lang='grc' dir='ltr'><strong>Α</strong></span> <span class='ocrx_word' id='word_1_270' title='bbox 839 3589 909 3644; x_wconf 83' lang='lat' dir='ltr'>Flor.</span> <span class='ocrx_word' id='word_1_271' title='bbox 928 3593 962 3644; x_wconf 85' lang='grc' dir='ltr'>Α.</span> 
     </span>
     <span class='ocr_line' id='line_1_31' title="bbox 163 3651 1399 3728; baseline 0.003 -22"><span class='ocrx_word' id='word_1_272' title='bbox 163 3651 224 3706; x_wconf 82' lang='lat' dir='ltr'>(lum</span> <span class='ocrx_word' id='word_1_273' title='bbox 235 3662 364 3724; x_wconf 83' lang='lat' dir='ltr'>sequatur</span> <span class='ocrx_word' id='word_1_274' title='bbox 376 3653 486 3725; x_wconf 80' lang='lat' dir='ltr'>pluralis</span> <span class='ocrx_word' id='word_1_275' title='bbox 498 3660 680 3726; x_wconf 63' lang='lat' dir='ltr'>quaerentibus</span> <span class='ocrx_word' id='word_1_276' title='bbox 697 3657 761 3710; x_wconf 91' lang='lat' dir='ltr'>illud</span> <span class='ocrx_word' id='word_1_277' title='bbox 831 3659 897 3728; x_wconf 82' lang='lat' dir='ltr'>Cap.</span> <span class='ocrx_word' id='word_1_278' title='bbox 919 3667 960 3724; x_wconf 84' lang='lat'>15,</span> <span class='ocrx_word' id='word_1_279' title='bbox 979 3662 1001 3726; x_wconf 69' lang='grc'>5.</span> <span class='ocrx_word' id='word_1_280' title='bbox 1021 3663 1045 3712; x_wconf 87' lang='lat'>8.</span> <span class='ocrx_word' id='word_1_281' title='bbox 1080 3659 1178 3710; x_wconf 79' lang='lat' dir='ltr'>doloris</span> <span class='ocrx_word' id='word_1_282' title='bbox 1195 3659 1399 3728; x_wconf 67' lang='lat' dir='ltr'>moqniludinem</span> 
     </span>
     <span class='ocr_line' id='line_1_32' title="bbox 163 3722 1400 3849; baseline 0.006 -76"><span class='ocrx_word' id='word_1_283' title='bbox 163 3722 310 3802; x_wconf 65' lang='lat' dir='ltr'>mqndatum</span> <span class='ocrx_word' id='word_1_284' title='bbox 328 3739 382 3776; x_wconf 89' lang='lat' dir='ltr'>non</span> <span class='ocrx_word' id='word_1_285' title='bbox 398 3723 434 3776; x_wconf 82' lang='lat' dir='ltr'>ad</span> <span class='ocrx_word' id='word_1_286' title='bbox 456 3742 537 3779; x_wconf 90' lang='lat' dir='ltr'>unum</span> <span class='ocrx_word' id='word_1_287' title='bbox 554 3725 660 3780; x_wconf 79' lang='lat' dir='ltr'>videtur</span> <span class='ocrx_word' id='word_1_288' title='bbox 715 3726 762 3780; x_wconf 87' lang='lat' dir='ltr'>rti-</span> <span class='ocrx_word' id='word_1_289' title='bbox 797 3729 901 3849; x_wconf 52' lang='lat' dir='ltr'><strong><em>calm]</em></strong></span> <span class='ocrx_word' id='word_1_290' title='bbox 930 3726 1056 3780; x_wconf 84' lang='lat' dir='ltr'>Mendose</span> <span class='ocrx_word' id='word_1_291' title='bbox 1074 3725 1151 3778; x_wconf 86' lang='lat' dir='ltr'>codd.</span> <span class='ocrx_word' id='word_1_292' title='bbox 1169 3724 1327 3798; x_wconf 78' lang='lat' dir='ltr'>integriores</span> <span class='ocrx_word' id='word_1_293' title='bbox 1344 3745 1400 3780; x_wconf 85' lang='lat' dir='ltr'>mo·</span> 
     </span>
     <span class='ocr_line' id='line_1_33' title="bbox 163 3789 1400 3866; baseline 0.005 -24"><span class='ocrx_word' id='word_1_294' title='bbox 163 3807 252 3844; x_wconf 77' lang='lat' dir='ltr'>nusae</span> <span class='ocrx_word' id='word_1_295' title='bbox 278 3789 358 3844; x_wconf 75' lang='lat' dir='ltr'>sedr</span> <span class='ocrx_word' id='word_1_296' title='bbox 456 3803 481 3846; x_wconf 80' lang='lat' dir='ltr'>et</span> <span class='ocrx_word' id='word_1_297' title='bbox 498 3794 572 3863; x_wconf 89' lang='lat' dir='ltr'>quod</span> <span class='ocrx_word' id='word_1_298' title='bbox 586 3802 628 3848; x_wconf 84' lang='lat' dir='ltr'>est</span> <span class='ocrx_word' id='word_1_299' title='bbox 644 3794 671 3848; x_wconf 91' lang='lat' dir='ltr'>in</span> <span class='ocrx_word' id='word_1_300' title='bbox 699 3795 763 3848; x_wconf 87' lang='lat' dir='ltr'>ibris</span> <span class='ocrx_word' id='word_1_301' title='bbox 795 3797 844 3866; x_wconf 68' lang='lat' dir='ltr'>qni</span> <span class='ocrx_word' id='word_1_302' title='bbox 891 3813 959 3848; x_wconf 68' lang='lat' dir='ltr'>inan</span> <span class='ocrx_word' id='word_1_303' title='bbox 984 3810 1084 3856; x_wconf 80' lang='lat' dir='ltr'>carere,</span> <span class='ocrx_word' id='word_1_304' title='bbox 1116 3793 1201 3848; x_wconf 82' lang='lat' dir='ltr'>ceteri</span> <span class='ocrx_word' id='word_1_305' title='bbox 1222 3797 1400 3864; x_wconf 62' lang='lat' dir='ltr'>magnitudine</span> 
     </span>
     <span class='ocr_line' id='line_1_34' title="bbox 163 3857 1400 3983; baseline 0.005 -73"><span class='ocrx_word' id='word_1_306' title='bbox 163 3857 233 3911; x_wconf 85' lang='lat' dir='ltr'>bonis</span> <span class='ocrx_word' id='word_1_307' title='bbox 251 3857 339 3939; x_wconf 72' lang='lat' dir='ltr'>(leid.</span> <span class='ocrx_word' id='word_1_308' title='bbox 384 3868 458 3913; x_wconf 78' lang='lat' dir='ltr'>osal</span> <span class='ocrx_word' id='word_1_309' title='bbox 480 3861 562 3914; x_wconf 88' lang='lat' dir='ltr'>Bern.</span> <span class='ocrx_word' id='word_1_310' title='bbox 575 3868 599 3916; x_wconf 86' lang='grc' dir='ltr'><strong>Α</strong></span> <span class='ocrx_word' id='word_1_311' title='bbox 617 3862 763 3930; x_wconf 65' lang='lat' dir='ltr'>eloam)</span> <span class='ocrx_word' id='word_1_312' title='bbox 798 3882 896 3917; x_wconf 82' lang='lat' dir='ltr'>carere.</span> <span class='ocrx_word' id='word_1_313' title='bbox 939 3863 995 3917; x_wconf 86' lang='lat' dir='ltr'>Sed</span> <span class='ocrx_word' id='word_1_314' title='bbox 1022 3872 1084 3943; x_wconf 84' lang='lat' dir='ltr'>post</span> <span class='ocrx_word' id='word_1_315' title='bbox 1110 3880 1159 3983; x_wconf 71' lang='lat' dir='ltr'>qro</span> <span class='ocrx_word' id='word_1_316' title='bbox 1194 3868 1264 3934; x_wconf 79' lang='lat' dir='ltr'>vulg.</span> <span class='ocrx_word' id='word_1_317' title='bbox 1289 3865 1400 3916; x_wconf 78' lang='lat' dir='ltr'>retinere</span> 
     </span>
     <span class='ocr_line' id='line_1_35' title="bbox 165 3931 1400 4003; baseline 0.004 -24"><span class='ocrx_word' id='word_1_318' title='bbox 165 3943 211 3980; x_wconf 85' lang='lat' dir='ltr'>nou</span> <span class='ocrx_word' id='word_1_319' title='bbox 227 3943 336 3998; x_wconf 82' lang='lat' dir='ltr'>recipio,</span> <span class='ocrx_word' id='word_1_320' title='bbox 354 3945 413 3981; x_wconf 88' lang='lat' dir='ltr'>cum</span> <span class='ocrx_word' id='word_1_321' title='bbox 431 3937 460 3982; x_wconf 88' lang='lat' dir='ltr'>et</span> <span class='ocrx_word' id='word_1_322' title='bbox 474 3940 671 4001; x_wconf 80' lang='lat' dir='ltr'>sequaturmox</span> <span class='ocrx_word' id='word_1_323' title='bbox 688 3948 764 4003; x_wconf 85' lang='lat' dir='ltr'>prae·</span> <span class='ocrx_word' id='word_1_324' title='bbox 796 3941 824 3985; x_wconf 84' lang='lat' dir='ltr'>et</span> <span class='ocrx_word' id='word_1_325' title='bbox 842 3950 902 3984; x_wconf 87' lang='lat' dir='ltr'>usus</span> <span class='ocrx_word' id='word_1_326' title='bbox 920 3949 1045 3985; x_wconf 80' lang='lat' dir='ltr'>sermonis</span> <span class='ocrx_word' id='word_1_327' title='bbox 1068 3941 1096 3984; x_wconf 88' lang='lat' dir='ltr'>et</span> <span class='ocrx_word' id='word_1_328' title='bbox 1123 3931 1239 3984; x_wconf 83' lang='lat' dir='ltr'>&#39;brorum</span> <span class='ocrx_word' id='word_1_329' title='bbox 1257 3949 1317 3985; x_wconf 80' lang='lat' dir='ltr'>mss.</span> <span class='ocrx_word' id='word_1_330' title='bbox 1336 3931 1400 3984; x_wconf 82' lang='lat' dir='ltr'>fides</span> 
     </span>
     <span class='ocr_line' id='line_1_36' title="bbox 165 3993 1399 4077; baseline 0.002 -28"><span class='ocrx_word' id='word_1_331' title='bbox 165 3993 277 4060; x_wconf 79' lang='lat' dir='ltr'>teritum,</span> <span class='ocrx_word' id='word_1_332' title='bbox 299 4003 328 4048; x_wconf 80' lang='lat' dir='ltr'>et</span> <span class='ocrx_word' id='word_1_333' title='bbox 345 3994 428 4077; x_wconf 82' lang='lat' dir='ltr'>ipsum</span> <span class='ocrx_word' id='word_1_334' title='bbox 447 4006 559 4068; x_wconf 48' lang='lat' dir='ltr'>tempus*</span> <span class='ocrx_word' id='word_1_335' title='bbox 575 4017 698 4071; x_wconf 84' lang='lat' dir='ltr'>praesens</span> <span class='ocrx_word' id='word_1_336' title='bbox 715 3999 764 4054; x_wconf 92' lang='lat' dir='ltr'>mi·</span> <span class='ocrx_word' id='word_1_337' title='bbox 860 3999 918 4053; x_wconf 85' lang='lat' dir='ltr'>ulat</span> <span class='ocrx_word' id='word_1_338' title='bbox 935 4009 964 4054; x_wconf 86' lang='lat' dir='ltr'>ut</span> <span class='ocrx_word' id='word_1_339' title='bbox 981 4010 1065 4052; x_wconf 80' lang='lat' dir='ltr'>tenere</span> <span class='ocrx_word' id='word_1_340' title='bbox 1087 3999 1224 4054; x_wconf 81' lang='lat' dir='ltr'>scribatur.</span> <span class='ocrx_word' id='word_1_341' title='bbox 1258 3997 1399 4054; x_wconf 67' lang='lat' dir='ltr'>Modiana</span> 
     </span>
     <span class='ocr_line' id='line_1_37' title="bbox 166 4065 1400 4138; baseline 0.005 -22"><span class='ocrx_word' id='word_1_342' title='bbox 166 4081 208 4117; x_wconf 85' lang='lat' dir='ltr'>nus</span> <span class='ocrx_word' id='word_1_343' title='bbox 225 4072 316 4134; x_wconf 77' lang='lat' dir='ltr'>aptum</span> <span class='ocrx_word' id='word_1_344' title='bbox 333 4065 461 4119; x_wconf 77' lang='lat' dir='ltr'>rideatur.</span> <span class='ocrx_word' id='word_1_345' title='bbox 810 4068 873 4122; x_wconf 88' lang='lat' dir='ltr'>&#39;bris</span> <span class='ocrx_word' id='word_1_346' title='bbox 895 4087 956 4122; x_wconf 87' lang='lat' dir='ltr'>mss.</span> <span class='ocrx_word' id='word_1_347' title='bbox 983 4067 1096 4120; x_wconf 80' lang='lat' dir='ltr'>correxit</span> <span class='ocrx_word' id='word_1_348' title='bbox 1121 4067 1202 4122; x_wconf 80' lang='lat' dir='ltr'>etiam</span> <span class='ocrx_word' id='word_1_349' title='bbox 1227 4078 1327 4122; x_wconf 74' lang='lat' dir='ltr'>tantam</span> <span class='ocrx_word' id='word_1_350' title='bbox 1352 4086 1400 4138; x_wconf 91' lang='lat' dir='ltr'>pro</span> 
     </span>
     <span class='ocr_line' id='line_1_38' title="bbox 195 4135 1400 4207; baseline 0.004 -23"><span class='ocrx_word' id='word_1_351' title='bbox 195 4135 215 4200; x_wconf 68' lang='lat' dir='ltr'>fi.</span> <span class='ocrx_word' id='word_1_352' title='bbox 234 4139 258 4185; x_wconf 79' lang='grc'>5.</span> <span class='ocrx_word' id='word_1_353' title='bbox 288 4135 430 4202; x_wconf 77' lang='lat' dir='ltr'>providere</span> <span class='ocrx_word' id='word_1_354' title='bbox 456 4136 511 4188; x_wconf 80' lang='lat' dir='ltr'>iam</span> <span class='ocrx_word' id='word_1_355' title='bbox 536 4137 576 4207; x_wconf 82' lang='lat' dir='ltr'>se]</span> <span class='ocrx_word' id='word_1_356' title='bbox 612 4135 686 4190; x_wconf 86' lang='lat' dir='ltr'>Libri</span> <span class='ocrx_word' id='word_1_357' title='bbox 703 4155 764 4191; x_wconf 82' lang='lat' dir='ltr'>mss.</span> <span class='ocrx_word' id='word_1_358' title='bbox 800 4148 890 4200; x_wconf 72' lang='lat' dir='ltr'>loiron,</span> <span class='ocrx_word' id='word_1_359' title='bbox 911 4139 959 4190; x_wconf 85' lang='lat' dir='ltr'>sed</span> <span class='ocrx_word' id='word_1_360' title='bbox 976 4136 1013 4190; x_wconf 88' lang='lat' dir='ltr'>illi</span> <span class='ocrx_word' id='word_1_361' title='bbox 1031 4153 1090 4189; x_wconf 87' lang='lat' dir='ltr'>eum</span> <span class='ocrx_word' id='word_1_362' title='bbox 1108 4136 1183 4206; x_wconf 84' lang='lat' dir='ltr'>pauci</span> <span class='ocrx_word' id='word_1_363' title='bbox 1200 4136 1265 4198; x_wconf 82' lang='lat' dir='ltr'>sint,</span> <span class='ocrx_word' id='word_1_364' title='bbox 1283 4137 1400 4207; x_wconf 81' lang='lat' dir='ltr'>(praeter</span> 
     </span>
     <span class='ocr_line' id='line_1_39' title="bbox 164 4200 1400 4278; baseline 0.005 -26"><span class='ocrx_word' id='word_1_365' title='bbox 164 4207 188 4252; x_wconf 81' lang='lat' dir='ltr'>et</span> <span class='ocrx_word' id='word_1_366' title='bbox 216 4200 330 4278; x_wconf 77' lang='lat' dir='ltr'>primum</span> <span class='ocrx_word' id='word_1_367' title='bbox 365 4201 430 4254; x_wconf 87' lang='lat' dir='ltr'>editi</span> <span class='ocrx_word' id='word_1_368' title='bbox 455 4206 580 4272; x_wconf 79' lang='lat' dir='ltr'>provide,</span> <span class='ocrx_word' id='word_1_369' title='bbox 616 4205 686 4259; x_wconf 72' lang='lat' dir='ltr'>Flos.</span> <span class='ocrx_word' id='word_1_370' title='bbox 714 4205 764 4260; x_wconf 87' lang='lat' dir='ltr'>cG</span> <span class='ocrx_word' id='word_1_371' title='bbox 798 4205 880 4259; x_wconf 84' lang='lat' dir='ltr'>isius</span> <span class='ocrx_word' id='word_1_372' title='bbox 898 4204 982 4260; x_wconf 87' lang='lat' dir='ltr'>Medii</span> <span class='ocrx_word' id='word_1_373' title='bbox 999 4203 1136 4275; x_wconf 87' lang='lat' dir='ltr'>Sigeberg.</span> <span class='ocrx_word' id='word_1_374' title='bbox 1155 4223 1222 4258; x_wconf 84' lang='lat' dir='ltr'>unus</span> <span class='ocrx_word' id='word_1_375' title='bbox 1240 4204 1313 4258; x_wconf 87' lang='lat' dir='ltr'>Flor.</span> <span class='ocrx_word' id='word_1_376' title='bbox 1331 4206 1356 4258; x_wconf 79' lang='lat' dir='ltr'>A</span> <span class='ocrx_word' id='word_1_377' title='bbox 1372 4219 1400 4258; x_wconf 86' lang='lat' dir='ltr'>et</span> 
     </span>
     <span class='ocr_line' id='line_1_40' title="bbox 162 4269 1399 4340; baseline 0.006 -21"><span class='ocrx_word' id='word_1_378' title='bbox 162 4269 279 4338; x_wconf 80' lang='lat' dir='ltr'>proinde,</span> <span class='ocrx_word' id='word_1_379' title='bbox 297 4270 344 4322; x_wconf 85' lang='lat' dir='ltr'>sed</span> <span class='ocrx_word' id='word_1_380' title='bbox 362 4270 490 4326; x_wconf 86' lang='lat' dir='ltr'>omittunt</span> <span class='ocrx_word' id='word_1_381' title='bbox 507 4273 593 4326; x_wconf 84' lang='lat' dir='ltr'>omnia</span> <span class='ocrx_word' id='word_1_382' title='bbox 611 4275 677 4327; x_wconf 84' lang='lat' dir='ltr'>baec</span> <span class='ocrx_word' id='word_1_383' title='bbox 695 4273 765 4328; x_wconf 87' lang='lat' dir='ltr'>inter</span> <span class='ocrx_word' id='word_1_384' title='bbox 840 4275 936 4328; x_wconf 72' lang='lat' dir='ltr'>islensis</span> <span class='ocrx_word' id='word_1_385' title='bbox 954 4273 1121 4340; x_wconf 79' lang='lat' dir='ltr'>etBarn.A)</span> <span class='ocrx_word' id='word_1_386' title='bbox 1140 4282 1196 4326; x_wconf 85' lang='lat' dir='ltr'>turn</span> <span class='ocrx_word' id='word_1_387' title='bbox 1214 4272 1241 4326; x_wconf 90' lang='lat' dir='ltr'>in</span> <span class='ocrx_word' id='word_1_388' title='bbox 1256 4273 1324 4328; x_wconf 74' lang='lat' dir='ltr'>{scili</span> <span class='ocrx_word' id='word_1_389' title='bbox 1342 4291 1399 4327; x_wconf 86' lang='lat' dir='ltr'>cor-</span> 
     </span>
     <span class='ocr_line' id='line_1_41' title="bbox 166 4337 1399 4422; baseline 0.005 -34"><span class='ocrx_word' id='word_1_390' title='bbox 166 4337 240 4390; x_wconf 73' lang='lat' dir='ltr'>verba</span> <span class='ocrx_word' id='word_1_391' title='bbox 257 4339 368 4406; x_wconf 68' lang='lat' dir='ltr'>optimas</span> <span class='ocrx_word' id='word_1_392' title='bbox 387 4347 415 4392; x_wconf 84' lang='lat' dir='ltr'>et</span> <span class='ocrx_word' id='word_1_393' title='bbox 433 4359 543 4409; x_wconf 78' lang='lat' dir='ltr'>muyans</span> <span class='ocrx_word' id='word_1_394' title='bbox 559 4341 630 4397; x_wconf 71' lang='lat' dir='ltr'>flor.</span> <span class='ocrx_word' id='word_1_395' title='bbox 649 4342 764 4396; x_wconf 77' lang='lat' dir='ltr'><strong>DEFHI</strong></span> <span class='ocrx_word' id='word_1_396' title='bbox 799 4342 922 4422; x_wconf 83' lang='lat' dir='ltr'>ruptione</span> <span class='ocrx_word' id='word_1_397' title='bbox 952 4341 1065 4397; x_wconf 81' lang='lat' dir='ltr'>auctoris</span> <span class='ocrx_word' id='word_1_398' title='bbox 1091 4341 1247 4396; x_wconf 81' lang='lat' dir='ltr'>sententiam</span> <span class='ocrx_word' id='word_1_399' title='bbox 1274 4359 1328 4396; x_wconf 89' lang='lat' dir='ltr'>non</span> <span class='ocrx_word' id='word_1_400' title='bbox 1353 4359 1399 4395; x_wconf 80' lang='lat' dir='ltr'>ex·</span> 
     </span>
     <span class='ocr_line' id='line_1_42' title="bbox 167 4404 925 4482; baseline 0.009 -24"><span class='ocrx_word' id='word_1_401' title='bbox 167 4404 278 4459; x_wconf 87' lang='lat' dir='ltr'>Bern.B.</span> <span class='ocrx_word' id='word_1_402' title='bbox 296 4405 353 4459; x_wconf 82' lang='lat' dir='ltr'>Pal</span> <span class='ocrx_word' id='word_1_403' title='bbox 366 4415 387 4459; x_wconf 88' lang='lat' dir='ltr'>l.</span> <span class='ocrx_word' id='word_1_404' title='bbox 411 4409 496 4464; x_wconf 80' lang='lat' dir='ltr'>Aldus</span> <span class='ocrx_word' id='word_1_405' title='bbox 507 4410 625 4466; x_wconf 84' lang='lat' dir='ltr'>ediderat</span> <span class='ocrx_word' id='word_1_406' title='bbox 632 4413 666 4465; x_wconf 89' lang='lat' dir='ltr'>de</span> <span class='ocrx_word' id='word_1_407' title='bbox 677 4412 765 4466; x_wconf 82' lang='lat' dir='ltr'>conie·</span> <span class='ocrx_word' id='word_1_408' title='bbox 800 4419 925 4482; x_wconf 71' lang='lat' dir='ltr'>primunt.</span> 
     </span>
    </p>
   </div>
   <div class='ocr_carea' id='block_1_5' title="bbox 0 0 1656 5120">
    <p class='ocr_par' dir='ltr' id='par_1_5' title="bbox 0 0 1656 5120">
     <span class='ocr_line' id='line_1_43' title="bbox 0 0 1656 5120; baseline 0 0"><span class='ocrx_word' id='word_1_409' title='bbox 0 0 1656 5120; x_wconf 95' lang='lat' dir='ltr'> </span> 
     </span>
    </p>
   </div>
  </div>
 </body>
</html>
