3260 5042
222 343 290 396 vm
732 335 950 390 PRAEFATIO.

223 521 421 618 henburgio
448 520 628 619 congestis
662 520 732 593 iam
767 521 990 619 aliquatenus
1022 520 1223 619 perspicere
1249 525 1334 598 mihi
1359 529 1465 600 visus

225 674 355 738 essem,
383 659 460 721 tum
488 648 632 722 demum
658 650 857 724 accuratius
884 648 1052 748 cognovi,
1087 658 1278 746 postquam
1302 676 1326 725 a
1350 651 1379 724 F
1380 679 1464 726 ran·

186 861 190 868 ,
226 777 319 849 cisoo
347 775 392 850 de
417 775 534 869 Furia,
561 778 787 852 meritissimo
812 779 1049 852 bibliothecae
1074 773 1334 852 laurentianae
1359 805 1464 876 prae·
1504 865 1508 876 Ι

225 903 336 996 secto,
368 915 537 978 accurata
571 929 701 978 novem
733 903 897 979 codicum
921 903 1209 978 Florentinorum
1239 930 1322 980 nass.
1356 907 1464 978 colla-

225 1030 322 1105 tione
348 1032 544 1105 instructus
572 1055 662 1103 sum·
715 1028 795 1118 Quo
830 1030 989 1106 subsidio
1024 1031 1076 1104 rei
1101 1029 1279 1129 gerendae
1305 1034 1464 1107 confisus

226 1183 307 1232 cum
333 1158 483 1257 impigre
509 1181 567 1230 me
602 1155 649 1229 ad
675 1157 933 1232 recensendum
959 1169 1122 1239 veterem
1145 1159 1354 1257 scriptorem
1380 1187 1466 1233 con·
1535 1199 1539 1212 ·

212 1287 398 1376 tulissem,
424 1285 541 1383 ipsam
567 1283 760 1358 editionem
784 1285 835 1356 sic
861 1285 1007 1375 institui,
1035 1296 1077 1358 ut
1102 1286 1273 1385 expositis
1299 1287 1336 1358 in
1362 1313 1465 1384 prae·
1578 1353 1581 1358 .

225 1415 360 1488 satione
386 1412 525 1488 critices
552 1410 769 1485 factitandae
794 1411 1004 1501 rationibus,
1030 1436 1113 1484 cum
1137 1415 1318 1514 professus
1346 1437 1464 1485 essem

228 1541 315 1614 nihil
340 1564 398 1614 me
424 1538 471 1614 de
497 1541 703 1613 coniectura
728 1549 792 1613 aut
817 1565 899 1614 mea
924 1550 988 1613 aut
1013 1539 1174 1628 aliorum,
1201 1538 1269 1611 nisi
1294 1537 1392 1636 quod
1413 1539 1466 1612 in·

229 1667 421 1759 dicassem,
439 1669 667 1766 positurum,
694 1665 834 1742 adiecta
859 1667 966 1740 simul
990 1666 1168 1741 bonorum
1193 1665 1355 1738 codicum
1381 1666 1466 1740 scri-

229 1805 360 1896 pura,
390 1796 479 1874 satis
510 1796 590 1898 iam
616 1805 709 1878 ,tuto
748 1793 794 1867 de
827 1793 900 1868 fide
932 1780 1154 1868 recensionis
1183 1817 1284 1868 meae
1317 1792 1466 1867 iudicari

228 1947 336 2023 posse
361 1921 554 1996 viderem.
607 1920 732 2018 Neque
762 1931 884 1996 tamen
916 1945 990 1996 non
1023 1921 1304 1997 commentarios.
1324 1942 1466 2018 quoque

229 2051 266 2124 in
291 2051 474 2150 publicum
499 2049 606 2123 edere
640 2048 912 2140 constitueram,
953 2072 1044 2146 quos
1079 2048 1188 2122 inter⁴
1207 2048 1466 2126 recensendum

229 2157 371 2253 textum
405 2177 450 2251 de
482 2177 632 2275 singulis
663 2177 750 2252 locis
782 2186 821 2250 et
851 2175 1084 2250 emendandis
1117 2185 1154 2248 et
1183 2176 1464 2274 interpretandis

230 2307 512 2405 conscripseram
537 2304 770 2403 plenissimos,
797 2304 829 2377 si
854 2305 953 2403 prius
980 2303 1161 2402 praesenti
1185 2305 1398 2396 necessitati,
1424 2308 1467 2378 ut

231 2433 514 2533 elegantissimus
540 2431 744 2506 Latinitatis
776 2441 903 2505 auctor
931 2419 972 2504 in
1004 2431 1134 2505 scholis
1166 2441 1264 2504 recte
1289 2432 1360 2530 legi
1385 2457 1467 2531 pos·

231 2571 305 2652 set,
345 2560 441 2634 satis
466 2560 640 2634 fecissem.
689 2559 744 2632 'Id
775 2584 862 2648 sero
895 2559 1083 2634 consilium
1104 2558 1178 2632 diu
1208 2570 1350 2633 morata
1383 2570 1467 2634 sunt

232 2714 314 2782 cum
348 2688 428 2762 odia·
442 2697 522 2766 tum
547 2689 738 2787 praecipue
769 2687 1004 2785 bibliopolae„
1036 2687 1283 2760 honestissimi
1302 2687 1465 2777 hominis,

233 2815 307 2907 sed,
334 2826 376 2888 ut
392 2841 458 2914 par
475 2826 542 2906 est,
559 2817 597 2888 in
617 2841 683 2889 suo
701 2815 847 2921 negotio
864 2813 1025 2913 gerendo
1048 2815 1253 2904 cautissimi,
1272 2815 1465 2889 lentitudo:

233 2946 401 3043 quicum
426 2969 560 3017 novam
586 2943 778 3018 editionem
804 2967 906 3016 suam
932 2943 1048 3016 minus
1075 2941 1204 3040 cupide
1230 2943 1352 3041 expeti
1373 2941 1466 3016 vide·

180 3103 185 3112 ·
230 3078 304 3162 ret,
338 3097 413 3144 non
439 3081 514 3147 tam
541 3071 639 3168 quod
664 3071 823 3144 recensio
850 3080 975 3143 nostra
1006 3095 1029 3142 a
1055 3081 1179 3144 vetere
1205 3069 1362 3167 quodam
1387 3069 1466 3142 arti·

233 3202 300 3274 fiee
326 3199 455 3272 acriter
480 3200 707 3296 reprehensa,
734 3222 842 3295 quam
867 3195 965 3295 quod
990 3199 1037 3272 ab
1064 3198 1134 3271 alio
1155 3197 1311 3294 quodam
1332 3207 1466 3270 nostra·

114 3411 117 3419 .
233 3353 315 3400 rum
340 3326 497 3425 partium
523 3325 712 3399 defensore
745 3325 838 3413 illico
873 3335 910 3400 et
944 3327 1166 3423 aliquantum
1200 3325 1324 3398 viliore
1356 3325 1466 3423 pretio

235 3454 388 3553 repetita
419 3463 542 3543 esset,
574 3451 736 3526 Curtium
762 3452 896 3528 Rufum
926 3480 1000 3528 non
1032 3478 1115 3528 eum
1147 3478 1227 3526 esse
1261 3455 1466 3551 scriptorem

236 3582 465 3680 opinabatur,
490 3582 528 3653 in
555 3607 626 3678 quo
653 3581 862 3655 exornando
887 3581 1163 3677 hominibusque
1187 3578 1466 3653 commendando

165 3808 167 3811 ι
236 3719 375 3784 sumtus
401 3709 544 3782 faceret
599 3707 721 3806 Neque
749 3733 815 3807 ego
842 3709 872 3782 is
900 3733 1012 3798 eram,
1048 3709 1105 3782 cui
1140 3733 1222 3780 cum
1257 3709 1326 3780 alia
1359 3707 1467 3780 multa

238 3835 379 3935 agenda
404 3846 541 3926 essent,
576 3837 795 3910 laboriosum
829 3861 920 3935 opus
953 3835 1148 3910 obtrudere
1179 3835 1372 3908 lectoribus
1399 3835 1466 3932 pla·

238 3974 351 4038 caret:
388 3973 426 4037 et
452 3973 593 4062 tempus
628 3963 819 4038 videbatur
850 3963 1009 4038 dandum
1044 3989 1123 4038 esse
1154 3963 1368 4051 hominibus,
1395 3962 1467 4034 sia

238 4090 489 4193 praeiudicatis
516 4092 742 4189 opinionibus
769 4091 817 4166 ad
842 4092 1025 4166 meliorem
1047 4091 1179 4166 veteris
1198 4091 1352 4164 auctoris
1371 4089 1466 4164 sesti·

238 4222 433 4296 mationem
458 4219 628 4293 devenire
650 4221 805 4292 mellent

341 4347 489 4422 interim
523 4344 611 4420 dum
645 4358 762 4421 cessat
795 4371 887 4445 opus
923 4357 961 4420 et
994 4347 1238 4420 commentarii
1270 4347 1306 4418 in
1337 4346 1465 4420 scriniis

241 4477 486 4568 continentur,
530 4501 627 4550 nova
666 4475 842 4573 quaedam
881 4459 1040 4548 subsidia
1078 4475 1200 4548 critica
1238 4484 1465 4565 accesserunt,
