3336 5066
540 335 543 342 “
590 359 640 412 na
667 360 794 416 ansuis
820 363 930 415 annx.
956 363 1068 434 v1,¹³·
1196 299 1202 312 ⁶
1397 348 1472 420 243

164 560 204 611 aa
222 540 407 637 Frequens
443 543 553 620 arhor
589 547 716 620 faciem
753 569 905 642 quercus
944 545 1069 635 habet,
1107 547 1209 621 cuius
1239 551 1325 624 folia
1358 552 1473 625 multo
1506 585 1510 591 ·

221 651 329 726 melle
355 653 561 753 tinguntur,
593 656 657 730 sed
691 656 759 728 nisi
785 653 871 729 solis
898 666 1019 729 ortum
1043 656 1181 732 incolae
1207 663 1471 757 occupaverint,

222 763 282 836 vel
307 763 450 839 modico
476 777 601 862 tepore
628 759 734 840 sucus
760 769 990 864 extinguitur.
1451 774 1454 782 '

166 891 203 940 as
327 901 409 948 xxx
435 876 518 946 hinc
544 875 662 949 stadia
687 892 920 975 processerat,
946 903 1028 952 cum
1041 878 1330 976 Phrataphernes
1356 881 1389 954 ei
1415 907 1472 954 oc-

224 987 351 1074 currit,
384 1009 495 1080 seque
530 995 568 1060 et
594 1013 672 1078 cos,
709 991 768 1087 qui
804 1002 890 1092 post
913 987 1022 1062 Darei
1049 999 1202 1061 mortem
1227 991 1471 1086 profugerant,

223 1093 377 1169 dedens:
414 1095 544 1191 quibus
571 1097 725 1199 benigne
753 1104 930 1201 exceptis,
964 1099 1011 1172 ad
1044 1097 1218 1197 oppidum
1242 1097 1363 1173 Arvas
1388 1107 1504 1198 per-'1

164 1204 333 1278 aa-venit
384 1202 455 1280 Hic
481 1208 514 1281 ei
542 1205 712 1284 Graterus
740 1225 777 1286 et
802 1213 970 1312 Erigyius
998 1218 1200 1283 occurrunt
1244 1207 1471 1284 Praefectum

221 1313 451 1416 Tapyrorum
485 1320 604 1416 gentis
629 1319 849 1398 Phradatem
881 1321 1118 1394 adduxerunt
1169 1317 1239 1392 Hic
1266 1345 1408 1417 quoque
1433 1322 1471 1394 in

217 1426 331 1501 fidem
365 1439 534 1526 receptus
568 1430 691 1505 multis
724 1434 890 1532 exemplo
919 1432 989 1504 fuit
1013 1427 1221 1529 experiendi
1247 1431 1472 1506 clementiam

167 1553 204 1604 aa
221 1540 327 1637 regis.
368 1536 548 1636 Satrapen
574 1538 703 1616 deinde
729 1542 933 1644 Hyrcaniae
959 1540 1059 1615 dedit
1082 1538 1275 1638 Manapin:
1303 1542 1388 1614 exul
1412 1543 1471 1616 hic

220 1659 397 1747 regnante
426 1644 529 1722 Ocho
557 1647 604 1724 ad
630 1650 836 1752 Philippum
862 1662 1093 1752 pervenerat:
1130 1649 1358 1751 Tapyrorum
1384 1676 1470 1749 quo·

222 1783 292 1856 que
319 1757 466 1858 gentem
492 1759 667 1835 Phradati
693 1764 860 1838 reddidit.
1431 1845 1434 1853 ,
1620 1855 1623 1862 ¹

165 1884 200 1938 v.
327 1868 477 1968 lamque
509 1872 636 1945 ultima
661 1872 865 1974 Hyrcaniae
896 1876 1113 1964 intraverat,
1147 1897 1229 1947 curn
1252 1872 1521 1966 Artabauua,14

223 2005 331 2079 quem
355 1979 478 2054 Dareo
504 1981 717 2056 fidissimum
742 1986 853 2059 fuisse
880 2010 991 2084 supra
1016 1983 1191 2073 diximus,
1218 2007 1301 2058 cum
1327 1986 1469 2082 propin·
1568 1981 1584 2066 J

222 2093 302 2190 quis
332 2090 444 2165 Darei
477 2117 521 2166 ac
552 2094 626 2167 suis
661 2095 781 2170 liberis
816 2096 1026 2192 modicaque
1061 2089 1281 2167 Graecorum
1316 2094 1470 2168 militum
1508 2157 1511 2162 λ

186 2221 332 2276 amana
365 2205 531 2277 occurrit
584 2204 761 2280 Dextram
793 2207 953 2282 venienti
989 2204 1132 2279 obtulit·
1152 2229 1236 2278 rex:
1268 2206 1412 2304 quippe.
1433 2217 1471 2280 et

221 2312 365 2412 hospes¹
381 2311 539 2414 Philippi
564 2318 692 2409 fuerat,
718 2344 800 2391 curn
814 2315 916 2393 Ocho
942 2326 1116 2415 regnante
1143 2317 1317 2406 exularet,
1344 2327 1381 2390 et
1405 2317 1469 2390 ho·

189 2443 190 2448 ’
222 2424 319 2522 spitii
344 2425 498 2523 pignora
523 2427 561 2499 in
586 2453 709 2527 regem
736 2454 841 2502 suum
867 2429 914 2502 ad
940 2429 1105 2500 ultimum
1139 2425 1230 2500 fides
1256 2439 1470 2501 conservata
1501 2516 1508 2528 .

186 2534 400 2609 evincebat
455 2534 615 2612 Comiter
639 2539 959 2639 igitur.exceptus,
997 2537 1052 2611 Tu
1078 2535 1221 2637 quidem
1247 2538 1372 2634 inquit,
1396 2563 1467 2630 rea,

222 2645 300 2722 deos
327 2671 458 2746 puoso,
478 2663 646 2747 perpenna
660 2651 821 2751 scindam
836 2653 975 2750 floreae
1028 2649 1103 2748 Epo
1129 2647 1242 2720 muris
1269 2647 1382 2739 haue,
1406 2649 1466 2723 boc

221 2781 288 2832 mac
313 2769 474 2858 napum,
500 2760 591 2860 qawd
607 2763 791 2861 praecipui
814 2775 971 2838 caucam
996 2761 1058 2834 diu
1072 2757 1155 2860 frui
1166 2771 1224 2831 aaa
1238 2758 1375 2833 omma
1400 2783 1468 2834 uon

185 2885 366 2967 *poectum
420 2866 700 2968 Nonagesimum
727 2884 764 2947 ct
790 2875 952 2970 quintum
980 2895 1113 2944 annum
1140 2868 1279 2968 agebat.
1327 2865 1468 2943 Novem

216 2977 390 3071 iuvenes,
417 3005 543 3055 omnes
570 2981 697 3055 eedem
721 2995 837 3058 matre
863 2983 990 3082 geniti,
1016 2990 1157 3080 patrem
1183 2979 1464 3076 comitabantur:

255 3165 279 3230 5.
296 3169 339 3216 2⁴.
359 3179 431 3232 prae
446 3172 528 3217 actam
548 3165 575 3217 T
710 3167 728 3286 p
747 3166 824 3220 Men·
859 3159 1468 3231 Anianusm,22vomtidppmdnnmaicuthc.

220 3229 283 3284 dosa
300 3231 416 3284 BernA
451 3230 582 3287 Fronac
611 3233 710 3287 ffltei
730 3235 824 3288 .Voss.
860 3233 1009 3288 Gronovius
1023 3233 1050 3286 in
1064 3230 1465 3304 optimocodicaesactestatur.

222 3298 488 3370 lpruesccto.'1*nnr
509 3301 656 3355 Taurorum
674 3302 826 3356 siveTtau-
896 3302 959 3373 Cap.
981 3309 1021 3369 14,
1041 3305 1108 3370 §.L
1131 3301 1240 3370 Iamque
1257 3300 1361 3370 ultima]
1380 3300 1466 3354 Addi-
1533 3311 1536 3316 '

219 3383 309 3420 rarum
335 3375 363 3420 et
389 3367 415 3420 h.
440 3367 458 3421 l.
484 3375 514 3421 et
542 3373 621 3440 paulo
646 3379 710 3450 post
735 3389 826 3425 omnes
861 3377 906 3423 tur
936 3369 1016 3440 vulgo
1042 3387 1089 3422 rea
1114 3370 1187 3439 quod
1207 3367 1351 3422 'omisimus
1382 3369 1466 3423 murti

220 3433 281 3489 hbri
307 3453 367 3489 msa
394 3445 424 3488 et
449 3436 564 3507 primurn
589 3439 663 3492 editi.
703 3439 828 3494 Correxit
862 3437 933 3492 Flor.
951 3442 976 3491 A
1002 3438 1075 3491 Leia
1092 3436 1170 3491 Voss.
1199 3443 1227 3490 1:
1255 3436 1324 3490 solet
1349 3435 1419 3490 enim
1437 3437 1466 3490 in

218 3502 310 3557 Iunius
328 3519 363 3557 ex
380 3504 495 3560 Arriano
513 3520 556 3574 m,
575 3513 607 3561 28
626 3507 751 3579 deditque
773 3509 827 3562 Tu·
861 3507 912 3560 bac
925 3507 1018 3560 refers
1029 3505 1193 3560 librariomm
1203 3521 1268 3559 cura
1284 3504 1391 3558 versun.
1408 3505 1466 3559 No-

213 3589 352 3694 ΨΜ.
381 3571 490 3627 Curtius
508 3581 611 3643 manen,
629 3575 650 3628 si
668 3594 747 3629 naam
765 3576 828 3631 scri·
860 3583 934 3628 tatur
956 3583 1045 3629 maren
1067 3574 1096 3628 in
1121 3573 1202 3628 Rern.
1220 3575 1246 3627 A
1273 3591 1352 3643 apr.
1376 3591 1410 3627 rn.
1433 3591 1484 3642 aa¹

254 3641 298 3694 ndi
317 3641 448 3695 radonem
466 3651 571 3697 secutm
588 3651 638 3712 est,
656 3644 763 3698 ridetur
778 3661 828 3698 ro·
861 3644 922 3714 degi,
941 3643 983 3697 cui
997 3643 1080 3697 altera
1096 3659 1190 3696 manus
1206 3661 1222 3696 r
1238 3642 1356 3696 litteram
1373 3658 1465 3713 supcr-

218 3707 298 3763 luiase
309 3711 493 3779 Tapyrorum:
508 3711 570 3765 ride
587 3712 622 3765 ad
639 3727 703 3780 vm,
726 3721 765 3781 18,
786 3721 826 3767 17.
861 3712 976 3784 scripsit.

219 3776 274 3832 Fas
290 3777 391 3832 Straba
410 3777 455 3833 hb.
473 3795 506 3833 11
523 3799 551 3852 p.
570 3785 620 3834 515
637 3781 709 3836 inter
724 3781 750 3835 Η
896 3786 920 3847 s.
938 3789 962 3836 t.
982 3784 1043 3835 deca
1061 3781 1169 3852 quaeso]
1188 3777 1283 3833 Adieci
1300 3778 1367 3831 haec
1383 3779 1465 3832 verba

218 3862 268 3900 noa
285 3855 314 3900 et
331 3846 461 3902 Derbices
484 3848 569 3903 tradit
592 3849 721 3904 habitare.
861 3865 895 3902 ex
913 3849 987 3903 Ieid.
1005 3849 1081 3904 Voss.
1102 3857 1113 3900 l
1133 3849 1215 3902 Bern.
1232 3849 1259 3901 A
1276 3846 1298 3900 F
1300 3846 1348 3900 lor.
1362 3845 1465 3900 ABCG

218 3913 381 3968 Phradatem
399 3916 519 3970 scribam
536 3918 651 3972 Barna
669 3928 697 3973 et
715 3919 826 3987 Fiunss,
861 3918 912 3986 HI,
932 3917 1013 3971 ceteri
1031 3921 1136 3971 deorsam
1154 3933 1259 3988 quaeso.
1278 3915 1367 3986 Vulgo
1375 3921 1465 3968 totum

219 3983 302 4037 ceteri
332 3983 512 4039 Pharadatem
542 3994 590 4040 aut
621 3987 826 4042 Pdaradantem.
861 3987 911 4042 boc
928 3987 1058 4042 omissum.

215 4051 349 4106 »Arrianm
372 4053 490 4124 appellat
509 4055 740 4125 Autophrodatem.
896 4059 919 4124 ς.
937 4063 962 4109 4.
988 4071 1075 4108 omnm
1093 4055 1183 4107 eadam
1200 4061 1284 4106 matre
1299 4054 1392 4121 pauiu]
1419 4052 1465 4108 Sic

255 4124 279 4190 §-
297 4128 339 4175 25.
359 4123 501 4192 Satrapen,
517 4134 724 4194 nonaumapcm,
735 4141 827 4178 omnes
861 4124 936 4178 codd.
955 4123 1005 4176 mei
1023 4123 1058 4175 ad
1074 4138 1155 4175 unum
1173 4119 1377 4241 omneskvplgo
1395 4121 1465 4175 dasi-

219 4191 303 4244 nostri
326 4191 404 4244 codd.
428 4209 488 4244 cum
514 4190 589 4245 Leid,
613 4192 691 4246 Voss.
718 4200 730 4245 l
754 4199 757 4207 '
779 4211 826 4247 uos
860 4195 969 4246 deretur
987 4209 1038 4245 vax
1055 4207 1150 4244 amnas.
1185 4188 1229 4242 De
1249 4187 1319 4242 sena
1358 4205 1391 4243 cc
1407 4207 1464 4244 ma·

218 4256 301 4312 Snah.
325 4267 521 4315 commemorat.
562 4260 600 4313 Et
625 4261 760 4331 Manapin
797 4281 826 4316 o·
860 4261 983 4316 trimonio
1010 4259 1122 4312 diximus
1149 4257 1184 4309 ad
1201 4271 1235 4309 m
1269 4263 1298 4321 6,
1328 4263 1350 4310 l.
1378 4258 1463 4313 ¹Unus

217 4327 296 4380 minis
312 4345 408 4382 nomen
428 4328 535 4400 scripsi,
555 4329 658 4383 codices
675 4337 780 4384 secutus
799 4331 826 4384 in
861 4329 972 4384 filiorum
994 4327 1198 4392 Pharnabazus,
1211 4297 1313 4406 aiensis
1338 4326 1464 4382 Persicae

219 4395 315 4518 gpibus
333 4397 431 4468 partim
447 4401 557 4468 menapi
573 4400 671 4480 partim
688 4402 825 4468 manaps'n.
861 4400 1022 4470 praefectus,
1044 4415 1061 4450 a
1077 4395 1268 4450 Macedonibus
1285 4405 1378 4466 captata
1395 4404 1462 4464 erat,

253 4466 827 4537 anapim,quodvulgocdrtur,estinFlor.F.
862 4475 1048 4536 iv,28,17‚
1075 4465 1121 4520 sed
1138 4463 1253 4519 Arriam
1279 4471 1348 4518 teate
1369 4479 1419 4533 m,
1447 4471 1462 4518 2

1254 4555 1305 4606 16*
