3336 5066
561 289 611 342 ne
638 291 766 346 omns
790 293 900 346 anan
926 293 963 362 v,
991 289 1034 342 ii.
1325 369 1331 384 1
1367 269 1438 338 iai

187 481 401 570 properaret
428 496 624 572 occupare:
661 474 871 572 expeditum
897 473 965 545 iter
991 495 1082 560 esse,
1109 497 1325 569 quamquam
1351 469 1442 542 Ara·

146 603 256 654 sxes
291 583 407 656 amnis
440 583 633 656 interfluat
686 582 829 656 Nullam
861 583 1033 656 virtutem
1060 583 1154 678 regis
1187 583 1289 655 istius
1316 583 1441 679 magis,

186 717 298 788 quam
331 695 568 780 celeritatem,
606 690 848 767 laudaverim:
889 694 1021 767 relictis
1057 690 1283 791 pedestribus
1317 693 1440 790 copiis,

186 813 269 876 tota
295 817 401 878 nocte
429 827 513 874 cum
539 802 729 898 equitibus,
755 805 892 878 itineris
920 817 1023 876 tauto
1050 803 1167 900 spatio
1193 803 1366 899 fatigatis,
1394 802 1443 876 ad

146 913 340 986 ⁴Araxen
367 913 485 1009 prima
510 911 590 984 luce
616 915 791 1011 pervenit.
831 914 911 988 Vici
938 927 1041 987 erant
1067 914 1104 984 'm
1124 914 1338 1010 propinquo:
1366 913 1442 1008 qui·

186 1023 259 1096 bus
285 1021 426 1111 dirutis,
453 1033 602 1118 pontem
629 1049 677 1096 ex
703 1027 854 1098 materia
880 1051 1020 1113 eorum,
1048 1023 1201 1095 subditis
1228 1025 1325 1094 saxis
1353 1035 1442 1096 stre·

186 1157 261 1204 nue
287 1129 443 1204 induxit.
755 1199 759 1206 .

147 1259 166 1308 5
294 1236 443 1340 lamque
487 1243 587 1317 haud
633 1245 759 1340 procul
806 1243 895 1317 urbe
943 1255 1065 1334 erant,
1113 1269 1195 1317 cum
1240 1243 1441 1317 miserabile

186 1377 331 1451 agmen,
349 1355 445 1424 inter
461 1355 757 1450 paucasortunae
783 1356 950 1452 exempla
975 1355 1256 1442 memorandum,
1282 1354 1357 1450 regi
1384 1378 1442 1426 oc·

187 1465 312 1538 currit
366 1461 510 1558 Captivi
547 1475 651 1538 erant
678 1463 805 1539 Graeci
833 1465 880 1538 ad
906 1477 1078 1563 quattuor
1104 1466 1200 1536 milia
1225 1466 1313 1554 fere,
1349 1491 1441 1560 quos

149 1573 325 1647 cPersae
357 1573 460 1644 vario
496 1575 754 1674 suppliciorum
780 1574 889 1648 modo
916 1576 1128 1649 affecerant:
1164 1575 1251 1648 alios
1278 1574 1441 1672 pedibus,

63 1741 70 1758 .
187 1682 368 1780 quosdam
400 1683 568 1758 manibus
600 1687 820 1784 auribusque
846 1687 1056 1783 amputatis,
1091 1686 1287 1781 inustisque
1314 1686 1441 1758 barba·
1482 1699 1487 1708 '

185 1817 314 1866 rarum
339 1794 543 1866 litterarum
569 1797 676 1888 notis,
689 1798 735 1872 in
762 1799 911 1895 longum
937 1797 992 1870 sui
1018 1795 1212 1869 ludibrium
1237 1821 1442 1869 reservave-

188 1914 295 1994 rant;
331 1915 370 1977 et
401 1927 485 1977 cum
520 1929 561 1980 se
595 1931 739 2004 quoque
774 1908 912 1981 alienae
946 1907 1095 1982 dicionis
1131 1932 1210 1980 esse
1244 1918 1441 1996 camerent,

151 2015 356 2087 ivolentes
382 2013 460 2112 regi
486 2039 677 2091 occurrere
703 2042 777 2091 non
803 2017 1070 2115 prohibuerant
1122 2015 1310 2090 Invisitata
1335 2018 1441 2089 simu·

186 2211 244 2268 que
261 2195 420 2267 scripturam
438 2195 499 2251 coni
572 2215 610 2266 re,
630 2209 703 2254 certo
720 2201 804 2254 verba
832 2201 928 2271 procul
945 2207 975 2252 et
991 2217 1043 2253 noa
1056 2200 1152 2268 procul
1169 2216 1227 2252 cum
1245 2199 1355 2269 simplici
1367 2184 1443 2252 abii.

180 2275 344 2335 properaret
370 2282 500 2334 ccupare
530 2266 700 2322 lii-ariorum
728 2267 803 2340 iuge-
836 2269 909 2336 tivo,
927 2267 1007 2320 semel
1025 2284 1085 2320 cuni
1103 2283 1221 2338 praepos.
1239 2269 1272 2320 ob
1287 2277 1443 2320 construen-

187 2331 265 2386 niurn
282 2349 337 2386 non
354 2333 471 2414 sapiunt
838 2336 879 2390 tis.
915 2336 986 2388 Vide
1001 2335 1038 2388 sd
1054 2349 1105 2401 iv,
1123 2341 1170 2399 25,
1188 2341 1213 2388 8.
1248 2335 1342 2405 Itaque
1359 2335 1441 2390 sicubi

226 2403 251 2469 ς.
269 2408 295 2455 2.
317 2419 406 2472 mayn
424 2419 502 2471 quom
521 2405 689 2473 celeritatem]
708 2405 803 2475 Μαρία
837 2404 943 2458 libriin
961 2403 1057 2456 mendo
1075 2411 1130 2455 tam
1147 2402 1220 2455 facili
1237 2402 1396 2482 conspirant,
1414 2403 1443 2456 id

187 2470 269 2522 deest
285 2469 314 2522 in
332 2470 412 2523 codd.
449 2469 575 2542 larisque,
593 2471 671 2527 Voss.
688 2481 701 2526 1
720 2473 803 2527 Bern.
838 2473 962 2526 samanae
979 2471 1157 2543 potiusquam
1167 2471 1264 2525 rationi
1274 2472 1442 2524 inbuendum

186 2540 217 2592 Δ
235 2487 470 2618 ξἸοςΛῼῌΕὲΙ,
488 2539 589 2610 legitur
605 2549 696 2594 autem
714 2541 742 2594 in
760 2557 804 2593 ce
837 2541 951 2593 videtur.
999 2539 1044 2594 Sic
1069 2539 1169 2592 iudicat
1194 2539 1272 2592 edam
1298 2539 1381 2592 Drak.
1408 2540 1444 2592 ad

187 2613 266 2672 iera,
285 2623 414 2676 imprimis
431 2625 460 2660 iu
477 2607 550 2662 Flor.
568 2607 601 2661 B.
620 2612 653 2661 In
670 2609 745 2662 Leid.
761 2625 805 2662 re·
839 2607 897 2662 Lir.
927 2623 994 2675 xxi,
1017 2615 1065 2674 si,
1089 2613 1120 2673 a,
1154 2625 1311 2677 quamquam
1348 2621 1442 2673 xxvii,

187 2673 296 2746 petitur
323 2691 474 2744 pronomen
505 2677 593 2730 istius.
634 2675 692 2729 Iam
723 2676 805 2730 ‘'iur
839 2683 882 2742 42,
904 2683 935 2729 14
952 2677 1045 2728 eadem
1062 2691 1131 2745 quse
1148 2675 1173 2728 li.
1193 2675 1210 2726 l.
1228 2675 1255 2727 iu
1272 2684 1374 2745 partem
1397 2675 1444 2728 de-

188 2741 339 2814 quseritur‚
357 2759 422 2795 num
439 2741 612 2814 comparandi
629 2745 734 2815 partica
744 2763 762 2798 a
777 2745 804 2798 h.
839 2745 964 2798 terior-em
981 2745 1108 2798 librorum
1126 2743 1264 2796 consensio
1281 2751 1329 2795 est.

187 2811 207 2864 l.
228 2809 318 2864 omitti
336 2811 428 2882 possit
465 2811 532 2866 Non
617 2814 705 2867 credo.
733 2813 805 2866 Tum
874 2815 942 2866 inter
954 2831 1045 2882 pauca
1063 2843 1098 2852 -
1114 2813 1306 2864 munerandum
1324 2811 1372 2864 ie.
1386 2811 1443 2864 for-

188 2880 292 2932 reli'cn's
314 2882 400 2932 euim
425 2891 557 2934 annecten
608 2897 689 2936 causa
738 2881 804 2934 'nius
839 2889 921 2935 tunae
946 2897 1023 2933 exem
1051 2897 1096 2932 um
1124 2880 1236 2931 merisne
1262 2879 1316 2931 siva
1338 2879 1365 2932 in
1388 2878 1443 2959 pri-

188 2947 280 3002 editor
296 2945 381 3014 dedit,
399 2947 538 3020 oetedque
556 2957 666 3030 praeter
714 2949 805 3003 odium
838 2949 888 3002 inis
913 2965 1030 3004 memora
1050 2947 1091 3001 lle.
1126 2947 1201 3027 Npta
1228 2947 1295 3026 hauc
1321 2946 1443 3001 Curuani

188 3023 349 3080 mamam
379 3031 474 3068 verum
503 3016 657 3072 coniunctio
683 3035 704 3070 a
729 3017 804 3071 libris
838 3015 967 3071 sermonis
997 3034 1014 3068 s
1042 3015 1216 3070 Ciceroniano
1245 3015 1442 3081 dimensium,

188 3101 255 3137 iuss.
282 3083 358 3136 abest
384 3083 508 3138 omnibus
537 3096 567 3138 et
590 3075 687 3156 poteat'
704 3087 804 3153 abesse,
838 3103 897 3140 cum
915 3085 1021 3155 reliquis
1039 3092 1181 3164 argenteae
1199 3083 1291 3136 aetatis
1309 3083 1359 3136 scri
1378 3082 1444 3136 tori·

188 3151 226 3206 of.
246 3165 288 3216 xv,
306 3157 349 3216 42,
368 3157 412 3205 211.
839 3156 889 3208 bus
906 3153 1127 3218 convenientiam,
1146 3153 1179 3204 de
1197 3169 1251 3221 qua
1266 3151 1326 3204 vide
1372 3149 1444 3204 audii

226 3221 266 3272 od
283 3221 394 3272 Araxen
417 3237 478 3273 cum
502 3219 584 3274 Snalr.
607 3240 669 3275 mss.
696 3222 724 3275 in
740 3223 805 3275 'uni-
840 3221 955 3275 Turscll.
990 3221 1053 3274 Vol.
1071 3235 1115 3287 m,
1134 3239 1159 3291 p.
1178 3227 1237 3298 11111ἶ

189 3303 297 3340 versum
322 3287 448 3342 laudante
474 3289 537 3342 dedi
561 3305 596 3343 ex
621 3291 703 3344 Bern.
726 3292 753 3344 A
776 3299 806 3344 et
874 3294 912 3343 od
933 3300 1054 3359 polluar
1074 3291 1160 3356 milio]
1205 3288 1339 3340 Diodorus
1365 3303 1387 3340 c.
1411 3293 1444 3340 69

188 3355 266 3409 Flor.
285 3354 319 3408 G.
354 3356 446 3428 Vulgo
465 3360 504 3410 od
522 3359 648 3412 Araxen.
840 3367 868 3411 et
884 3357 977 3429 reliqui
1000 3357 1056 3410 eius
1082 3357 1120 3410 rei
1145 3365 1265 3409 auctores
1284 3354 1399 3408 lustinus
1416 3363 1445 3408 et

228 3425 252 3491 §.
270 3431 295 3476 4.
331 3427 425 3494 quibus
444 3427 555 3548 dii-ff
592 3427 683 3547 Vulpo
701 3427 806 3480 addunt
840 3427 946 3494 Suidasv
968 3444 989 3480 s.
1016 3443 1041 3478 v.
1067 3422 1248 3504 ch'duvfleqs
1285 3426 1443 3492 ocliiiqeatos

190 3493 305 3562 direptis
323 3511 356 3546 os
374 3495 482 3560 dimitis,
565 3503 629 3548 orta
664 3511 712 3549 aec
726 3495 805 3548 lectio
840 3495 920 3548 fuisse
946 3494 1071 3559 traduat,
1103 3511 1120 3546 a
1145 3493 1277 3563 prioribus
1304 3492 1444 3544 Persarum

190 3560 300 3614 videtur
324 3577 359 3614 ex
384 3562 455 3614 mala
479 3562 668 3617 nonnullorum
686 3563 805 3617 codicum
840 3563 948 3633 regibus
965 3563 1104 3626 abductos,
1123 3578 1197 3614 senes
1215 3561 1359 3630 plerosque.
1387 3559 1443 3612 Eos

189 3627 327 3682 scritura
358 3631 453 3700 quibus
486 3633 611 3701 dirripti's.
661 3631 743 3686 Certe
777 3631 806 3684 in
840 3632 938 3685 Persae
960 3633 988 3682 i'u
1011 3633 1116 3699 ionqum
1138 3632 1181 3682 sui
1201 3631 1341 3681 ludibrium
1359 3645 1444 3680 reser-

213 3765 221 3777 .
250 3713 269 3749 o
290 3714 412 3752 meorum
435 3699 557 3780 oudinum
582 3699 682 3780 duplex
718 3768 725 3780 ·
761 3699 982 3779 cinsiverunt,
1009 3699 1026 3751 i.
1050 3715 1073 3778 e.
1100 3697 1150 3751 sibi
1166 3697 1200 3750 ad
1217 3695 1377 3749 ludibrium·
1401 3693 1444 3748 De

190 3783 268 3887 ἔξω
280 3767 678 3890 eddreterliiiiemdiludldlitddliido
695 3785 806 3890 addilidl
840 3778 959 3903 gegltllo
977 3767 1287 3903 ldliildlaqidlladli]
1324 3830 1443 3912 ¹Longiu-

191 3902 344 3956 neoessitati
362 3921 394 3958 ao
411 3903 541 3976 diriperet
558 3905 650 3958 vicos?
841 3921 896 3958 rem
920 3919 962 3956 me
985 3921 1042 3957 esse
1065 3903 1090 3956 li.
1115 3900 1132 3956 l.
1158 3911 1279 3954 accurata
1305 3899 1443 3968 diligentis

229 3973 253 4039 §.
272 3977 297 4023 5.
331 3974 406 4025 iaud
426 3975 524 4042 procul
545 3975 609 4026 urbs
627 3984 684 4026 erut
731 3971 806 4026 Leid.
841 3971 1054 4027 Drakenborcbii
1071 3979 1152 4036 vetat,
1171 3970 1216 4049 qui
1233 3971 1267 4022 ad
1286 3967 1379 4032 biav,
1398 3973 1442 4032 ss,

191 4039 274 4093 Voss.
294 4047 306 4092 l
326 4039 408 4093 Beni.
427 4042 454 4094 A
471 4041 545 4094 Flor.
566 4040 669 4094 ABCD
719 4045 805 4120 (apr.
841 4049 910 4095 dne
928 4040 1004 4093 buius
1020 4039 1126 4111 quidem
1144 4037 1195 4092 loci
1211 4037 1309 4090 oblitus
1323 4035 1443 4090 codicum

191 4107 350 4178 m.)1Pal.
371 4117 383 4162 1
408 4111 499 4163 urbem
516 4109 662 4175 exhibent,
681 4117 713 4161 ut
730 4109 806 4162 facile
841 4129 902 4163 mss.
921 4108 1062 4162 lectionem
1080 4109 1229 4160 invisitatus
1248 4105 1374 4171 defendit,
1392 4120 1442 4175 pro

192 4175 289 4248 aliquis
312 4193 401 4230 veram
427 4178 498 4232 bano
520 4195 578 4231 esse
595 4177 733 4247 scriptoris
751 4195 806 4229 ma-
842 4196 894 4248 qua
912 4179 968 4230 sere
984 4177 1054 4230 solet
1070 4178 1212 4229 inusitatus
1230 4173 1362 4226 substitui.
1397 4173 1443 4226 Ia·

191 4263 258 4298 auin
296 4255 373 4298 utare
390 4245 488 4315 possit,
513 4245 728 4316 quandoquidem
754 4263 806 4300 aon
841 4249 947 4299 visitato
965 4248 1109 4300 simulacro
1127 4243 1254 4296 exhibent
1272 4242 1345 4296 Leid.
1366 4242 1444 4294 Voss.

188 4263 375 4383 proselidem
392 4313 428 4367 sit
446 4315 519 4384 quod
532 4333 624 4384 prope.
642 4315 697 4368 Sed
715 4315 807 4367 obstat
844 4323 855 4367 1
876 4315 956 4368 Beru.
979 4316 1003 4368 Δ
1026 4313 1097 4367 Flor.
1121 4313 1186 4380 AB,
1209 4322 1322 4382 suntque
1349 4325 1444 4376 „nova

193 4399 254 4436 oiim
273 4383 404 4452 generalis
421 4383 503 4452 ratio,
523 4391 581 4436 tum
599 4401 661 4436 usus
670 4383 806 4454 scriptoris
841 4391 966 4436 etentes
990 4401 1044 4436 non
1068 4381 1150 4434 visa.“
1192 4381 1303 4446 Vei-uui,
1331 4387 1363 4432 ut
1388 4378 1444 4430 sere
