3330 5050
554 280 602 328 iiii
630 277 755 330 onsris
782 274 891 326 Annii.
919 277 998 344 viii,
1019 273 1062 321 si.
1355 253 1428 322 403

19 483 25 528 ι
188 457 367 532 danorum
386 461 551 560 sepulcra
570 458 848 557 comprehendit
871 459 1045 532 -Vetusta
1071 455 1179 530 cedro
1197 466 1300 530 erant
1326 455 1430 544 facta,

190 583 473 670 conceptumque
499 571 617 666 ignem
643 571 714 644 late
741 569 874 660 fudere,
902 570 1016 643 donec
1035 568 1154 641 omnia
1181 567 1258 639 solo
1277 576 1432 662 aequata

19 711 27 754 i
143 695 286 756 esunt.
339 681 387 754 Ei
414 705 460 752 ex
487 681 576 753 urbo
609 683 761 780 primum
794 706 922 753 canum
955 683 1122 768 latratus,
1163 676 1292 751 deinde
1325 677 1432 749 etiam
1543 704 1545 714 ι

191 794 375 866 hominurn
401 791 562 863 fremitus
589 789 731 865 auditus
766 803 830 866 est.
884 791 976 864 Tum
1009 803 1046 864 et
1077 789 1245 888 oppidani
1281 789 1431 877 hostem,

19 937 22 980 i
127 923 172 970 10
193 916 231 980 et
255 902 469 976 Macedones
496 903 544 975 ad
570 904 695 976 urbem
721 905 817 1000 ipsos
846 904 986 976 venisse
1007 913 1236 1001 cognoscunt.
1290 900 1435 1000 Iamque

193 1041 258 1090 rex
294 1015 483 1089 eduxerat.
501 1015 638 1112 copias,
679 1027 716 1088 et
750 1017 891 1089 moenia
923 1015 1130 1104 obsidebat,
1170 1037 1251 1084 cum
1276 1012 1434 1086 hostiurn

194 1129 255 1224 qui
287 1126 476 1201 discrimen
512 1137 779 1223 temptaverant
810 1126 930 1198 obruti
963 1127 1043 1198 telis
1078 1135 1171 1196 sunt.
1230 1123 1319 1196 Aliis
1352 1148 1438 1222 ergo

196 1238 429 1327 deditionem,
462 1237 540 1309 aliis
566 1262 724 1336 pugnam
760 1238 913 1334 experiri
940 1237 1122 1336 placebat:
1160 1259 1311 1333 quorum
1337 1234 1437 1309 dubi·

193 1353 332 1424 tatione
357 1359 551 1446 comperta,
577 1347 817 1421 circumsideri
842 1359 985 1422 tantuin
1005 1373 1076 1438 eos,
1104 1357 1142 1420 et
1167 1347 1337 1420 abstineri
1363 1373 1440 1442 cae·

177 1461 301 1537 'dibus
328 1462 441 1534 iussit.
464 1497 466 1518 2
493 1458 725 1556 Tandemque
756 1459 952 1533 obsidionis
978 1461 1080 1533 malis
1107 1460 1246 1557 fatigati
1273 1456 1441 1532 dedidere

143 1595 174 1642 ii
198 1600 247 1648 se.
299 1572 490 1646 ALib'ero
516 1569 625 1644 Patre
665 1571 827 1644 conditos
867 1595 905 1646 se
942 1595 1021 1644 csse
1057 1570 1237 1658 dicebant3
1279 1580 1316 1642 et
1355 1594 1442 1643 vera

149 1704 180 1751 ir
200 1685 289 1758 haec
314 1685 415 1782 origo
442 1691 529 1756 erat.
583 1679 660 1756 Sita
686 1693 743 1756 est
767 1683 834 1756 sub
861 1682 1040 1757 radicibus
1067 1682 1209 1772 montis,
1237 1705 1343 1778 quem
1369 1679 1442 1753 Me·

199 1819 265 1868 ron
299 1795 437 1876 incolae
469 1793 661 1892 appellant.
714 1792 801 1868 Inde
838 1790 965 1868 Graeci
1003 1791 1198 1866 mentiendi
1230 1801 1373 1866 traxere
1401 1793 1443 1866 li·
1515 1781 1523 1796 ⁰

201 1907 382 1997 centiam,
399 1904 496 1980 Iovis
521 1905 651 1978 femine
675 1903 843 1978 Liberum
869 1904 1016 1980 Patrem
1043 1929 1121 1978 esse
1148 1905 1311 1976 celatum.

87 2029 99 2046 ·
151 2035 182 2085 is
303 2016 399 2107 Rex,
439 2016 511 2090 situ
536 2015 668 2089 montis
695 2017 837 2114 cognito
872 2041 920 2090 ex
945 2017 1085 2106 incolis,
1125 2039 1207 2088 cum
1238 2024 1317 2088 toto
1344 2016 1494 2089 exer-36
1567 2101 1570 2110 Ι

202 2129 284 2218 citu,
309 2128 513 2226 praemissis
540 2128 807 2218 commeat-ibus,
835 2130 1006 2202 verticem
1028 2128 1102 2200 eius
1123 2125 1291 2200 ascendit
1330 2124 1446 2198 Multa
1539 2215 1545 2224 ‚
1626 2130 1632 2137 '

202 2237 337 2312 hedera
362 2240 518 2337 vitisque
536 2249 615 2313 toto
634 2240 792 2338 gignitur
817 2235 941 2313 monte
947 2267 956 2329 ;
984 2240 1117 2312 multae
1136 2263 1310 2337 perennes
1330 2261 1451 2333 aquae

153 2371 185 2416 ιι
198 2360 360 2428 manant
400 2349 596 2448 Pomorum
622 2377 763 2448 quoque
788 2351 879 2426 varii
898 2351 1130 2447 salubresque
1156 2348 1232 2423 suci
1258 2359 1353 2439 sunt,
1378 2367 1446 2420 sua

76 2455 80 2462 ’
202 2467 332 2560 sponte
356 2462 586 2536 fortuitorum
613 2464 787 2536 seminum
813 2463 934 2560 fruges
961 2463 1070 2548 humo
1097 2461 1286 2534 nutriente.
1339 2457 1446 2532 Lauri

155 2595 186 2641 ¹⁵
203 2574 432 2671 caecamque
457 2573 572 2646 multa
596 2573 633 2644 in
659 2573 727 2647 illis
754 2574 902 2672 rupibus
930 2573 1082 2670 agrestis
1110 2583 1166 2645 cst
1191 2572 1290 2645 silva
1331 2569 1447 2643 Credo

205 2685 386 2784 equidem,
411 2710 486 2759 non
512 2683 634 2759 divino
660 2686 845 2775 instinctu,
878 2683 943 2759 sed
968 2683 1115 2758 lascivia
1142 2707 1221 2756 esse
1248 2691 1449 2780 provectos,

205 2807 247 2870 ut
272 2797 408 2895 passim
433 2795 588 2871 hederae
614 2821 656 2870 ac
682 2797 808 2870 vitium
834 2797 919 2871 folia
944 2795 1194 2895 decerperent,
1225 2793 1450 2891 redimitique
1558 2787 1560 2790 ’
1594 2828 1602 2838 ’

156 2927 188 2976 io
205 2907 332 2983 fronde
358 2913 617 2983 totofnemore
636 2909 775 2984 similes
797 2907 1064 3006 bacchantibus
1097 2916 1324 3005 vagarentur.
1375 2901 1449 2977 Va
1598 2923 1600 2930 ’

226 3162 279 3218 uod
289 3177 348 3214 cum
366 3160 434 3232 ignis
452 3161 588 3232 congestis·
601 3160 811 3234 lignis‘sugetur,
846 3177 891 3215 seu
919 3163 1065 3232 permissum
1113 3159 1187 3214 Lcid.
1219 3157 1290 3213 Flor.
1323 3153 1451 3212 ABGEH

243 3247 313 3283 nima
344 3229 477 3284 excitatur
501 3229 599 3297 maior,
635 3230 724 3302 itaque
754 3230 811 3302 ipso
846 3233 922 3284 Voss.
941 3237 956 3284 2
976 3201 1097 3284 nemi
1125 3245 1184 3282 cuin
1202 3225 1361 3282 editionibus
1378 3225 1452 3297 prin·

211 3298 266 3369 igni
283 3297 364 3352 etism
382 3298 468 3352 alitur.
847 3298 964 3370 cipibus,
988 3299 1069 3353 Bern.
1088 3298 1113 3350 A
1136 3315 1207 3376 apr.
1226 3315 1260 3350 in.
1283 3295 1391 3350 exhibet
1411 3312 1453 3348 se·

242 3366 812 3488 s.lo.dedidereseq'dederess[eidlloss.
844 3370 990 3438 qeminum,
1012 3369 1059 3422 sed
1076 3365 1261 3447 suprascriptis
1287 3383 1305 3418 ii
1323 3373 1351 3418 et
1376 3381 1453 3418 rseu
1565 3410 1571 3418 .

210 3439 321 3489 lBern.
340 3435 365 3488 Δ
382 3453 423 3506 pr.
440 3453 475 3490 m.
518 3436 566 3490 lor.
584 3435 709 3490 abaci.
845 3438 1000 3508 penninmii.
1044 3439 1139 3506 Itaque
1161 3433 1285 3488 Heinsius
1309 3435 1336 3487 h.
1354 3433 1372 3487 i
1392 3450 1453 3504 yer-

242 3507 266 3572 ξ.
286 3511 326 3558 12.
344 3505 440 3558 Meros
453 3507 555 3559 incolae
586 3505 723 3558 Memoron
737 3503 814 3558 leid.
846 3507 945 3559 misum
971 3504 1048 3559 scribi
1074 3503 1168 3558 voluit
1220 3503 1333 3557 Videtur
1365 3509 1453 3555 tamen

208 3573 303 3627 Vosal
315 3573 550 3644 Berndpaml*
561 3571 813 3627 oasbrcieiii.
848 3576 974 3628 asininum
998 3575 1083 3646 (quod
1107 3573 1192 3626 altera
1209 3581 1282 3625 secta
1300 3571 1374 3626 codd.
1393 3587 1453 3623 mss.

244 3640 362 3714 Capti,
381 3645 455 3711 §.lt
481 3643 649 3713 salubresque
666 3644 723 3696 snei
740 3643 812 3713 sunl]
847 3643 942 3709 habet)
960 3661 1013 3697 non
1031 3659 1087 3696 esse
1103 3641 1308 3712 reprobandum.

210 3711 275 3764 Suri
291 3709 401 3781 simplici
419 3727 435 3764 c
451 3719 479 3764 ct
497 3711 522 3763 b.
540 3711 558 3764 l.
576 3710 679 3764 codices
697 3710 766 3775 mati,
785 3721 814 3764 et
883 3714 954 3764 lunii
972 3713 1092 3764 baccaris
1110 3728 1142 3764 ue
1164 3712 1256 3778 multu]
1293 3709 1379 3764 Ausus
1396 3725 1454 3762 suin

210 3778 272 3860 alibi
299 3795 407 3850 quoquc
437 3779 504 3832 hanc
530 3779 813 3900 essehprobabiliqrenq
849 3779 949 3861 aliquid
966 3788 1074 3862 auctore
1116 3778 1207 3846 elusio,
1226 3778 1366 3900 namquod
1374 3775 1441 3860 md.

210 3856 381 3996 aritia.
404 3854 531 3996 tlt.
564 3847 814 3997 Vasatica
848 3848 1386 3998 assertiunculis
1409 3863 1456 3967 „i

211 3985 317 4039 Modius
343 3985 394 4038 loci
419 3985 519 4051 edidit,
550 4002 611 4037 nsiii
639 3983 677 4037 sic
700 4005 727 4038 iii
754 4003 813 4039 mss.
849 3995 916 4062 quit,
927 3985 1138 4058 quandoquidem
1151 3986 1230 4038 bucca
1241 4001 1293 4038 non
1307 3992 1349 4037 est
1376 3983 1455 4038 ahie

211 4053 280 4107 illius
299 4053 377 4107 luisse
394 4070 447 4108 non
465 4054 581 4107 adducor
598 4059 628 4106 ut
645 4055 756 4107 credam.
851 4054 951 4136 species
978 4053 1046 4108 sicut
1068 4053 1173 4122 lauriis,
1197 4053 1244 4106 sed
1267 4053 1380 4119 metui,
1405 4067 1457 4106 nac

240 4123 413 4194 fortalicii-ion
438 4123 575 4192 semimari]
621 4121 693 4176 Olim
719 4123 817 4176 veriani
851 4124 933 4178 silvae
950 4124 1088 4178 baccarum
1114 4121 1165 4176 dici
1188 4129 1307 4203 possunt.
1350 4123 1457 4176 Boccar-

213 4191 369 4262 scripturam
392 4190 420 4244 in
441 4191 487 4245 illo
505 4191 575 4245 libro
598 4190 690 4257 fuisse,
713 4207 746 4244 ex
765 4209 818 4262 quo
852 4193 904 4247 huc
921 4192 1052 4264 pertinet,
1074 4191 1171 4264 quippe
1193 4189 1297 4244 illarum
1319 4191 1457 4263 regionum

213 4260 464 4383 satellite?
473 4259 818 4383 ,llltffll‘alltli
851 4261 953 4383 hi*
972 4261 1234 4383 „iiisffiq
1257 4260 1459 4382 qllhmdld

214 4368 323 4468 pauci,'
344 4397 371 4451 iii
399 4397 493 4468 quibus
525 4368 622 4467 legitui
646 4371 818 4467 juridicorum
852 4347 1026 4452 Plinicdsmnsd
1064 4349 1104 4452 ⁴¹.
1123 4347 1186 4466 dxi,
1206 4345 1292 4466 apid.

1208 4483 1262 4538 ic·
