3324 5054
224 347 303 418 iao
574 311 577 319 “
694 357 728 420 a.
757 357 883 411 curin
909 355 995 409 inii

224 543 315 616 Post
349 538 417 612 hos
447 539 550 616 ibant
582 537 758 634 Gortuae,
793 542 911 640 gentis
944 539 1089 637 quidem
1116 539 1314 630 Euboicae,
1345 536 1473 612 Medos
1492 556 1524 602 11

226 647 409 749 quondam
435 654 558 743 secuti,
585 652 649 727 sed
676 654 746 726 iam
773 653 984 748 degeneres,
1012 662 1050 722 et
1067 653 1182 747 'patrii
1209 652 1319 722 moris
1347 649 1472 748 ignari.

226 759 461 860 Applicuerat
486 763 541 836 his
555 763 719 861 Phrygas
747 772 784 833 ct
797 759 988 833 Cataonas.
1028 759 1317 855 Parthyaeorum
1344 759 1475 830 deinde

226 897 333 971 gens,
365 872 595 946 incolentium
622 883 752 958 terras,
790 893 881 964 quas
916 891 1012 938 nunc
1045 867 1171 938 Parthi
1208 863 1359 964 Scythia
1393 892 1474 962 pro·

227 984 311 1057 fecti
337 991 472 1070 tenent,
499 978 714 1050 claudebant
740 1003 879 1075 agmen.
932 975 1032 1050 Haec
1059 977 1194 1048 sinistri
1221 1000 1352 1048 comus
1380 975 1475 1047 acics

226 1095 304 1168 fuit
356 1091 536 1162 Dextrum
568 1086 739 1161 tenebant
770 1088 868 1161 natio
903 1089 1049 1161 maioris
1084 1089 1279 1162 Armeniae
1315 1085 1474 1161 Cadusii·
1495 1105 1527 1153 is

227 1227 308 1300 que,
334 1209 373 1272 et
399 1195 642 1293 Cappadoces,
669 1209 706 1273 et
732 1196 824 1300 Syri,
851 1225 894 1272 ae
919 1197 1026 1271 Medi.
1079 1197 1146 1271 His
1184 1223 1328 1296 quoque
1354 1198 1475 1270 falcati

228 1333 354 1384 currus
382 1306 638 1404 quinquaginta
663 1321 775 1383 erant
829 1308 977 1383 Summa
1002 1309 1115 1380 totius
1143 1309 1343 1395 exercitus,
1379 1308 1475 1402 equi·
1494 1325 1527 1372 is

228 1430 284 1494 tes
311 1417 550 1517 quadraginta
575 1421 730 1518 quinque
755 1421 862 1511 milia,
876 1419 1054 1518 pedestris
1082 1419 1176 1492 acies
1196 1415 1354 1490 ducenta
1378 1418 1477 1488 inilia

263 1629 287 1696 5.
307 1633 354 1747 lp:
377 1627 495 1704 Gortuae
510 1627 596 1694 peritis
614 1628 716 1705 quiden
733 1627 833 1704 Euboi
868 1624 1011 1706 scripturas
1029 1639 1079 1691 11,
1102 1632 1133 1679 tl
1155 1624 1301 1703 mustias
1318 1622 1478 1694 explorave-

228 1695 288 1765 cae]
355 1695 551 1747 mandationem
587 1693 705 1745 Freinsh.
745 1709 833 1762 recepi
867 1711 918 1758 ris,
942 1693 989 1745 illo
1016 1709 1122 1762 quoque
1150 1691 1212 1744 loco
1238 1708 1294 1744 iure
1311 1693 1477 1760 Parthyaeos

184 1781 186 1786 ·
227 1764 314 1882 peritis
341 1779 391 1880 pm
417 1777 449 1813 εο
476 1760 549 1829 quod
574 1767 603 1812 et
628 1760 694 1812 editi
719 1767 748 1812 et
771 1760 833 1813 mati
867 1759 921 1830 legi
939 1775 1019 1829 posse
1036 1760 1175 1812 concedas.
1204 1757 1287 1823 Quod
1305 1767 1394 1812 satem
1412 1759 1479 1812 illud

241 1828 291 1882 'bri
309 1829 344 1880 ha
362 1835 410 1880 ent
424 1837 530 1896 pentem
547 1827 623 1880 nimis
640 1827 710 1880 enini
726 1827 833 1881 rideba-
867 1827 937 1882 inter
954 1836 1058 1881 veteres
1076 1828 1263 1900 Παρθυαίους
1272 1837 1301 1880 et
1314 1827 1478 1882 recentiores

229 1903 277 1949 tur
293 1893 448 1948 inconcinna
464 1895 565 1960 oratio,
590 1894 611 1948 si
637 1897 717 1949 secuti
733 1913 834 1950 mascu-
868 1896 1005 1968 Πᾰρθους
1024 1895 1163 1948 discrimen
1181 1913 1198 1946 a
1215 1893 1324 1949 Graecis
1342 1893 1479 1965 scriptori·

229 1963 286 2018 lino
304 1978 401 2032 genere
418 1963 452 2016 ad
470 1963 588 2016 Gortuae
604 1964 756 2028 referretur,
774 1980 834 2016 crim
868 1964 932 2029 bus,
951 1964 997 2033 qui
1019 1971 1084 2034 post
1107 1963 1271 2016 Parthorum
1288 1963 1393 2016 adultas
1411 1978 1479 2032 opes

231 2031 343 2085 deberet
359 2031 394 2083 ad
411 2047 593 2110 praegressum
608 2041 704 2101 pentes.
740 2031 834 2084 Histe-
867 2031 1028 2099 extiterunt,
1056 2031 1206 2100 neglectum
1232 2039 1290 2098 est,
1316 2031 1402 2084 miuus
1435 2047 1479 2084 me

230 2097 478 2153 ritmtraduetionis
490 2115 568 2152 nemo
581 2098 833 2169 vetemmexplicst,
867 2105 970 2166 moret,
994 2098 1041 2170 qui
1057 2099 1171 2152 eandem
1188 2113 1245 2152 esse
1262 2107 1370 2168 gentem
1386 2097 1480 2152 existi-

231 2166 278 2219 scd
295 2181 338 2218 res
355 2165 490 2235 pertinere
507 2166 613 2219 videtur
629 2168 662 2220 ad
680 2183 737 2219 eam
755 2183 834 2237 expe·
868 2184 938 2221 mein
964 2185 1035 2219 nova
1062 2167 1143 2237 stirpe
1167 2183 1202 2219 ex
1224 2167 1308 2220 veteri
1326 2166 1414 2238 patria
1431 2185 1480 2219 su·

231 2233 369 2299 ditionem,
388 2249 467 2302 quem
475 2231 554 2286 Datis
571 2243 600 2286 et
613 2235 793 2304 Artaphernes
807 2234 835 2288 in
870 2244 946 2290 ctsni.
983 2234 1051 2288 Vide
1069 2235 1161 2287 lustin.
1179 2234 1225 2287 lib.
1244 2249 1304 2288 xii.

232 2299 373 2380 Graeciam
403 2309 582 2380 susceperunt.
626 2301 702 2365 Quae
734 2301 836 2356 Graeca
904 2305 1011 2357 sinistri
1028 2304 1136 2382 omnus]
1176 2303 1280 2356 Cornus
1298 2319 1349 2373 pro
1367 2301 1448 2422 ”iffi

233 2369 327 2423 civitas
344 2385 449 2422 nomine
466 2369 586 2438 proxime
604 2370 704 2423 accedit
722 2371 836 2424 adGor·
871 2389 952 2424 corna
969 2379 998 2424 et
1015 2371 1070 2424 lul.
1088 2369 1161 2424 eddi
1178 2379 1207 2424 et
1224 2389 1247 2426 c.
1258 2376 1292 2425 48
1311 2370 1388 2423 huius
1407 2369 1425 2422 li
1445 2371 1479 2436 ri,

233 2436 405 2500 iussisses,
424 2434 528 2505 Gortyn
546 2445 595 2502 est,
614 2438 659 2490 sed
676 2455 708 2491 es
725 2439 836 2492 Creten·
871 2439 1058 2493 auctoritatem
1076 2457 1092 2492 ο
1113 2439 1239 2492 timorum
1263 2439 1342 2492 codd.
1360 2437 1435 2490 Leid.
1454 2447 1483 2491 et

233 2504 269 2559 sis
285 2522 341 2557 non
355 2503 481 2558 Euboica
500 2504 554 2557 Sed
572 2505 682 2558 sortmse
699 2507 836 2560 suntlire·
870 2507 944 2561 Plor.
971 2508 1035 2572 ΑΒ,
1063 2525 1079 2559 s
1099 2508 1133 2558 de
1159 2506 1233 2560 Flor.
1252 2505 1307 2560 GH
1324 2510 1401 2560 Voss.
1420 2513 1435 2560 2
1454 2514 1485 2559 et

233 2572 347 2626 irienses
370 2571 454 2626 Darei
479 2572 621 2642 Hystaspis
652 2573 687 2626 til.
714 2575 784 2627 iussu
810 2575 838 2628 ri
872 2576 1017 2628 Modisnse
1040 2574 1165 2628 editionis
1191 2585 1304 2629 secutus
1337 2575 1431 2642 (Ber-n.
1456 2577 1484 2627 Δ

234 2639 341 2694 abducti
354 2647 383 2692 et
400 2639 548 2694 iuSusians
565 2641 693 2708 collocati,
712 2643 837 2697 utHcro-
872 2645 952 2710 coris',
972 2645 1050 2696 Voss.
1072 2651 1083 2696 1
1112 2643 1226 2714 siletur).
1264 2641 1484 2698 crassissimi

235 2707 300 2762 doto
318 2715 426 2761 auctare
443 2723 483 2774 vr,
504 2715 552 2762 119
571 2709 674 2762 scimus.
920 2721 1008 2764 maist
1036 2730 1062 2781 p.
1087 2718 1138 2765 829
1165 2728 1252 2782 seqq„
1285 2711 1423 2764 Drakenb.
1448 2711 1483 2762 ad

270 2781 477 2850 Parthyaeorum
494 2786 603 2852 denique
618 2789 693 2854 pens]
716 2787 843 2855 Apparet
896 2779 941 2832 ivii
958 2778 1076 2844 lib.iir,
1096 2785 1143 2846 62,
1168 2785 1184 2832 8
1210 2787 1239 2832 et
1262 2796 1333 2832 nunc
1353 2777 1483 2848 imprimis

235 2847 359 2904 Curtium
377 2849 514 2903 discrimen
533 2852 619 2904 facere
633 2853 702 2906 inter
711 2853 835 2920 Parthos,
872 2846 998 2899 Freuudii
1023 2846 1125 2917 proleg.
1152 2848 1188 2900 ad
1205 2847 1258 2900 lex.
1276 2845 1336 2900 Lat
1354 2866 1382 2918 p.
1401 2860 1482 2913 LXVI,

233 2917 351 2970 nobilem
369 2933 431 2970 suae
448 2916 542 2970 aetatis
560 2921 702 2988 populum,
726 2929 754 2973 et
779 2938 835 2988 eos,
871 2931 944 2985 seqq.

254 2985 282 3038 ui
305 2991 363 3038 tum
384 2986 561 3058 Παρθνήνην
586 3005 607 3040 s.
631 2991 837 3060 Παρθυαιάνε
906 2985 928 3061 ᾗ.
949 2990 990 3036 12.
1025 2985 1145 3036 terrebant
1167 2983 1248 3036 Bem.
1271 2986 1298 3037 Δ
1314 2983 1387 3037 Flor.
1405 2981 1482 3037 ABG

291 3052 353 3119 acis,
371 3070 387 3106 s
405 3052 666 3108 CurtioPareiienen
684 3056 780 3109 dietam
797 3057 837 3109 in.
870 3045 946 3102 Leid.
965 3053 1042 3103 Voss.
1072 3059 1095 3104 1.
1131 3049 1222 3120 Vulgo
1249 3053 1358 3106 tenebat.
1394 3049 1482 3104 Paulo

234 3119 365 3175 colebant.
400 3120 512 3174 Poterat
533 3122 611 3174 etiarn
628 3125 698 3193 apud
717 3123 837 3178 Curtium
872 3127 934 3188 post
957 3130 987 3170 tt
1008 3118 1046 3170 Ca
1057 3123 1179 3197 pedores
1204 3129 1227 3171 et
1251 3119 1316 3187 Syri
1339 3137 1376 3172 ac
1394 3119 1482 3184 Medi,

234 3187 313 3242 scribi
331 3189 487 3256 Parthyene,
506 3190 553 3241 sed
571 3189 630 3243 libri
648 3191 775 3246 Graecam
794 3193 837 3245 lie.
872 3185 940 3238 sicut
957 3185 984 3237 in
1003 3204 1034 3239 co
1056 3187 1139 3240 icibus
1157 3187 1213 3239 iere
1232 3187 1355 3240 omnibus
1374 3187 1482 3256 lem'tur,

234 3264 320 3309 teram
337 3255 364 3307 in
382 3271 414 3308 eo
433 3257 539 3310 nomina
557 3259 641 3310 tribus
659 3261 754 3329 quibus
771 3261 837 3330 legi.
872 3254 1004 3305 edendum
1018 3255 1116 3320 curavi,
1135 3273 1195 3307 cum
1209 3255 1254 3306 vul
1274 3273 1291 3308 ο
1302 3253 1484 3323 coniungendi

233 3331 279 3376 tur
296 3323 360 3375 iocis
377 3338 407 3390 v,
426 3331 549 3391 suavi,
569 3333 584 3378 e
602 3325 664 3390 init,
686 3335 731 3394 io,
749 3335 763 3381 a
783 3346 838 3381 non
873 3321 1017 3391 paniculae
1040 3323 1204 3375 omittantur.
1259 3332 1314 3375 iem
1338 3325 1401 3392 qais
1420 3340 1482 3400 sap.

234 3399 390 3460 agnoscunt.
428 3396 523 3445 Verum
546 3411 581 3462 po
600 3393 658 3446 ulus
675 3395 717 3449 hic
735 3397 838 3465 quaeri.
872 3399 962 3455 eruin,
986 3389 1039 3442 alio
1063 3407 1094 3444 ac
1118 3391 1199 3460 vulgo
1223 3391 1331 3458 ordine,
1355 3407 1389 3443 ex
1402 3341 1483 3443 libris

234 3465 279 3511 tur
306 3475 359 3528 quo
384 3460 491 3512 nomine
516 3411 689 3529 apellandua
711 3462 752 3516 sit
792 3465 837 3516 Ad
871 3457 1010 3527 plerisque·

236 3525 366 3579 Graecam
389 3527 501 3580 sormam
528 3478 607 3581 tlcbet
629 3531 785 3600 Purlltyuet',
810 3541 838 3584 et
907 3529 931 3590 S.
952 3531 992 3578 13.
1036 3529 1132 3604 φαιόν.
1155 3528 1246 3595 quinq.
1268 3527 1356 3596 milia]
1398 3527 1482 3579 Milia

235 3593 287 3646 lioc
310 3601 401 3662 potest
423 3595 515 3648 confici
544 3613 559 3648 ε
581 3596 734 3652 lectionibus
758 3600 836 3652 codd,
872 3591 954 3644 Snsk.
972 3593 1056 3644 tradit
1073 3595 1166 3647 abesse
1184 3611 1200 3645 s
1218 3612 1277 3646 mss.
1297 3593 1436 3659 omnihus,
1455 3603 1484 3648 et

234 3661 262 3714 b.
280 3661 316 3727 l.;
339 3679 401 3714 nam
424 3663 469 3732 qui
493 3663 553 3716 libri
577 3683 631 3718 non
653 3667 752 3719 habent
767 3669 837 3720 Par.
871 3676 963 3712 reruni
982 3668 1024 3712 est
1042 3662 1075 3713 de
1094 3661 1191 3714 nostris
1210 3661 1283 3714 Flor.
1302 3661 1434 3726 ABDFl,
1454 3662 1482 3714 iri

235 3731 346 3794 morian,
361 3728 712 3800 hisutPartiiorumOEioi,
724 3734 837 3804 DFGI),
871 3728 928 3780 relii
941 3729 979 3780 iiis
998 3737 1087 3780 autern
1105 3738 1152 3782 aut
1169 3729 1265 3782 litteris
1279 3747 1313 3781 ex
1334 3747 1406 3782 ressa
1418 3736 1483 3782 sunt

234 3805 282 3850 aut
308 3797 476 3851 Partlmirum
508 3799 595 3866 (leid.
622 3801 701 3854 Bern.
728 3805 764 3867 A)
791 3811 838 3855 aut
873 3749 1034 3848 autlincols
1052 3814 1131 3866 snper
1150 3814 1287 3850 numerum
1325 3807 1386 3850 ueta
1400 3797 1483 3867 signi-

255 3864 310 3917 uod
334 3865 428 3918 eodeni
451 3867 565 3936 pertinet
587 3869 735 3922 Postoiram
754 3870 837 3935 (Flor.
872 3863 993 3916 ficantur·
1029 3864 1084 3918 Sed
1108 3869 1218 3918 ducenta
1241 3867 1317 3918 milia
1344 3882 1407 3918 vera
1424 3881 1483 3918 csse

263 3933 399 4001 >habent
433 3935 513 3998 Quod
532 3936 647 4000 Medius,
666 3938 738 4007 quasi
757 3939 793 3990 sin
811 3939 837 3990 in
872 3949 927 3984 non
964 3943 1071 3998 essunt,
1095 3951 1155 3986 cum
1173 3933 1288 4002 scriptor
1305 3951 1388 4002 supra
1405 3952 1428 3985 c
1447 3939 1482 3986 85

236 4001 315 4054 codd
338 4001 390 4053 suis
411 4013 492 4068 esset,
520 4003 603 4056 edidit
627 4005 837 4072 Parthienoram,
873 3951 981 4052 dictitio
1001 4002 1127 4054 maiorem
1144 4019 1224 4071 quani
1248 4001 1283 4052 ad
1302 4000 1387 4052 Issum
1405 4017 1483 4052 excr-

237 4068 265 4121 id
288 4069 340 4120 hoc
366 4069 472 4138 quidem
499 4071 560 4124 loco
586 4072 612 4124 in
639 4072 711 4125 nullo
739 4090 838 4138 eorum,
872 4067 954 4119 citum
973 4079 1159 4138 comparatmn
1176 4085 1233 4121 esse
1250 4067 1401 4132 rettulerit,
1421 4069 1482 4121 reli·

239 4153 354 4205 quorum
370 4139 517 4192 accuratior
536 4141 663 4208 quaeilani
681 4142 775 4194 notitia
788 4151 837 4208 est,
872 4136 970 4204 quique
985 4137 1125 4207 scriptores
1140 4137 1207 4189 ineo
1219 4146 1293 4190 certe
1302 4137 1482 4204 consentiant,

238 4204 374 4258 inventum
393 4215 446 4272 est,
471 4209 516 4258 scd
540 4209 600 4259 satis
619 4219 717 4262 certum
735 4211 839 4263 videtur
873 4211 903 4254 ut
917 4205 1046 4323 gpythium
1073 4206 1151 4274 longe
1184 4205 1312 4259 malorem
1344 4221 1483 4257 numerum

236 4287 277 4335 nt,
296 4280 338 4326 41.
362 4277 459 4326 Verum
479 4276 543 4328 haec
561 4278 671 4328 nominis
688 4278 773 4330 forma
792 4295 839 4332 nec
873 4280 915 4322 tm
952 4281 988 4324 nt·
1026 4273 1048 4325 Ε
1073 4275 1151 4326 codd·
1175 4292 1236 4327 msa·
1268 4273 1333 4326 nihil
1358 4273 1417 4343 opis
1442 4281 1484 4325 est

240 4339 348 4394 Graecis
383 4357 431 4395 noc
454 4343 553 4395 Latinis
588 4345 757 4412 scriptoribus
788 4347 839 4399 usi.
873 4356 939 4414 [ειη]Ι
953 4341 999 4408 qni
1025 4343 1155 4411 expressis
1174 4342 1271 4396 litteris
1294 4358 1347 4394 non
1366 4349 1482 4394 utuntur

239 4417 298 4464 tata
315 4419 367 4464 cst:
389 4427 420 4464 uc
445 4410 466 4463 si
489 4411 610 4464 codicum
632 4431 690 4465 mss.
709 4414 839 4468 venantes
874 4432 940 4468 ceni
958 4416 1089 4486 sciibiint3
1110 4437 1176 4471 uuus
1198 4417 1271 4472 Flor.
1291 4417 1313 4472 C
1331 4416 1359 4470 in
1378 4418 1483 4472 ‹liversa
