3354 5052
274 583 289 602 .
321 529 466 602 delectis
499 531 730 628 praemiserat
762 555 842 620 rex,
881 541 918 602 et
951 531 1020 600 iam
1055 555 1216 628 pugnare
1247 536 1448 609 comminus

219 649 419 738 ,oeperant3
447 639 510 713 sed
536 667 618 714 cum
644 667 795 742 superne
812 642 886 714 tela
894 641 1045 714 barbari
1062 643 1276 740 ingererent,
1304 648 1447 743 saepius

210 751 276 850 ipsi
307 752 539 843 feriebantur,
577 779 683 850 quam
715 753 961 826 vulnerabant
1014 750 1110 849 Ergo
1144 755 1375 846 Alexander,
1409 769 1449 831 et
1471 781 1501 824 1⁵

208 863 360 936 nominis
388 865 442 936 sui
469 874 505 936 et
531 865 692 962 promissi
711 890 870 954 memor,
910 863 997 935 dum
1028 864 1144 935 acrius
1171 891 1279 962 quam
1306 869 1446 941 cautius

210 973 371 1066 dimicat,
418 977 601 1048 confossus
641 975 797 1071 undiquc
836 975 1009 1047 obruitur.
1071 971 1185 1062 Quem
1225 989 1267 1049 ut
1307 977 1446 1052 Charus
1469 1001 1499 1045 rc

208 1087 382 1160 iacentem
407 1087 603 1182 conspexit,
629 1109 732 1157 ruere
758 1087 794 1155 in
821 1087 972 1174 hostem,
999 1087 1157 1158 omnium
1185 1099 1328 1185 praeter
1346 1092 1447 1163 ultio·

210 1222 292 1271 nem
318 1201 520 1284 immemor,
557 1196 690 1294 coepit,
725 1196 927 1291 multosque
959 1195 1082 1288 hasta,
1142 1197 1294 1272 uosdam
1325 1200 1446 1297 gladio

208 1309 405 1398 interemit;
447 1307 511 1380 sed
546 1332 627 1380 cum
662 1316 863 1402 tot-„unum
897 1223 1136 1416 incesserent}
1150 1335 1298 1408 mappa,
1338 1335 1471 1420 suffqr

178 1401 930 1554 [Judff‘corprocubmtexan-rmffi
959 1413 1067 1489 Haud
1094 1443 1213 1509 secus,
1246 1447 1354 1518 quam
1379 1443 1498 1522 parm

208 1535 302 1622 e‘r‘a,
336 1532 681 1632 promptissimorum
714 1531 883 1603 iuvenum
915 1539 1186 1628 ceterorumque
1218 1533 1370 1606 militum
1395 1535 1446 1606 in·

209 1645 318 1717 teritu
354 1653 553 1716 commotus
591 1667 657 1715 rex
689 1643 830 1739 signum
860 1641 1020 1739 receptui
1052 1639 1162 1714 dedit
1221 1639 1336 1718 Saluti
1367 1645 1445 1734 fuit,
1467 1664 1502 1712 rs

207 1753 304 1851 quod
331 1755 462 1828 sensim
489 1763 526 1826 et
550 1751 716 1850 intrepidi
742 1776 781 1824 se
801 1761 1034 1849 receperunt3
1062 1763 1100 1826 et
1122 1754 1277 1846 barbari,
1304 1755 1446 1828 hostem

207 1864 385 1964 depulisse
411 1865 578 1954 contenti,
603 1888 677 1935 non
702 1863 862 1936 institere
888 1861 1107 1938 cedentibus.

159 1978 205 2049 41
313 1974 480 2050 Ceterum
511 1972 719 2048 Alexander
749 1997 830 2046 cum
868 1975 1054 2048 statuisset
1086 1975 1260 2050 desistere
1289 1977 1444 2076 incepto,
1466 1998 1500 2046 ro

209 2087 356 2188 (quippe
389 2088 487 2161 nulla
521 2110 602 2184 spes
642 2083 836 2184 potiundae
869 2095 995 2184 petrae
1029 2086 1280 2184 offcrebatur,)
1322 2099 1444 2162 tamon

207 2201 362 2300 speciem
387 2195 545 2271 ostendit
568 2197 606 2270 in
631 2195 815 2294 obsidione
840 2199 1115 2295 perseverantis.
1150 2195 1243 2271 Nam
1261 2209 1300 2273 et
1316 2199 1446 2275 itinera

206 2310 362 2386 obsideri
388 2310 504 2400 iussit,
532 2319 569 2382 et
593 2319 710 2383 turr'es
736 2307 937 2399 admoveri,
963 2319 1001 2382 et
1025 2309 1182 2408 fatigatis
1209 2309 1298 2384 alios
1325 2335 1444 2386 succe·

206 2424 301 2498 dere.
354 2421 462 2498 Cuius
493 2420 688 2520 pertinacia
718 2419 880 2518 cognita,
913 2420 994 2494 Indi
1024 2444 1090 2521 per
1122 2419 1272 2494 biduum
1298 2421 1443 2520 quidem
1460 2443 1496 2493 ao

206 2533 363 2624 aeduae
389 2544 528 2623 noctes,
563 2557 644 2606 cum
670 2531 909 2613 ostentatione
934 2555 1009 2604 non
1041 2530 1192 2605 fiduciae
1217 2533 1343 2625 modo,
1377 2533 1442 2608 sed

165 2647 313 2722 *etiam
340 2647 518 2734 victoriae,
550 2645 682 2743 epulati
709 2654 802 2734 sunt,
828 2653 1003 2742 tympana
1028 2669 1094 2717 suo
1120 2668 1220 2717 more
1244 2645 1441 2742 pulsantes.

205 2757 327 2833 Tertia
357 2782 443 2831 vero
480 2767 585 2829 nocte
617 2767 869 2855 tympanorum
900 2753 1045 2852 quidem
1077 2756 1247 2854 strepitus
1287 2755 1443 2830 desierat
1460 2777 1493 2826 21
1597 2779 1601 2784 ·

205 2869 337 2961 audiri;
373 2880 531 2942 ceterum
557 2893 603 2940 cx
630 2877 708 2940 tota
738 2875 841 2965 petra
866 2867 961 2940 faces
988 2868 1229 2965 refulgebant,
1269 2890 1370 2965 quas·
1384 2893 1439 2940 ac·

203 2969 399 3056 cenderant
423 2979 576 3070 barbari,
603 2987 645 3050 ut
670 2977 780 3051 tutior
805 2987 902 3054 esset
926 2977 1023 3076 ipsis-
1038 2979 1133 3077 firgo,
1157 2980 1312 3054 obscura
1333 2989 1439 3054 nocte

204 3121 270 3193 per
299 3095 395 3167 invia
427 3117 516 3165 saxa
548 3091 712 3163 cursuris.
765 3087 860 3181 Rex,
895 3088 1045 3163 Balacro
1053 3146 1061 3180 ,
1100 3089 1160 3186 qui
1186 3091 1440 3188 specularetru,
1459 3113 1495 3160 aa

94 3219 97 3224 '
204 3207 416 3305 praemisso,
452 3201 633 3301 cognoscit
664 3211 803 3300 petram
832 3203 919 3300 fuga
944 3199 1116 3274 Indorum
1147 3200 1441 3276 esse'desertam.
1516 3235 1523 3246 ·

204 3317 297 3390 Tum
332 3317 418 3389 dato
453 3306 574 3413 signo',
616 3324 658 3387 ut
691 3313 849 3387 universi
884 3314 1168 3405 conclamarent,
1207 3313 1442 3412 incomposite

205 3429 421 3528 fiugientibus
456 3437 591 3500 metum
625 3425 782 3497 incussit
842 3422 1035 3521 Multique,
1079 3435 1262 3522 tamquam
1297 3424 1442 3500 adesset
1458 3447 1494 3496 aa

204 3541 335 3630 hostis,
371 3565 435 3639 per
466 3539 602 3612 lubrica
634 3561 739 3627 saxa,
775 3561 910 3636 perque
941 3537 1055 3609 invias
1088 3547 1186 3610 cotes
1218 3538 1442 3637 praecipitati

204 3651 429 3743 occiderunt;
457 3651 576 3750 plures
603 3649 720 3746 aliqua
745 3649 988 3722 membrorum
1013 3657 1117 3746 parte
1142 3649 1300 3740 mulcati,
1326 3650 1372 3722 ab
1390 3649 1441 3722 in·

238 3913 262 3980 ξ.
273 3917 313 3963 14.
335 3919 359 3963 ct
377 3911 429 3963 ium
442 3913 574 3980 pupnnre]
599 3908 801 3965 Omittituriam
836 3907 927 3963 DFGI
945 3927 1002 3964 curu
1021 3931 1099 3966 unum
1116 3921 1152 3965 tot
1170 3913 1343 3980 incesserent,
1361 3917 1389 3964 et
1405 3925 1442 3964 ιο

204 3979 231 4033 in
254 3979 326 4036 Flor.
342 3978 394 4032 ΕΗ
419 3979 497 4032 Bern.
516 3981 549 4046 B,
576 3981 641 4034 ordo
663 3981 804 4033 verborum
837 3978 902 4031 edit
920 3978 995 4034 Mod.
1340 3991 1342 3994 '

204 4056 323 4102 mutatur
339 4055 369 4100 ut
384 4046 419 4100 sit
436 4051 551 4102 cominus
566 4047 803 4118 pupnorainl‘lor.
874 4047 941 4119 Cap.
959 4057 1007 4115 41,
1034 4053 1057 4118 ξ.
1076 4056 1118 4104 23.
1153 4051 1245 4121 aliquo
1271 4049 1442 4102 morona»

195 4116 281 4182 'DGl,
299 4117 379 4170 verba
418 4135 478 4169 uuor
492 4119 662 4170 vulnerabunt
676 4117 803 4171 omittun·
832 4127 912 4186 porte
929 4119 1047 4190 mulcati]
1079 4117 1202 4190 Plerique
1220 4116 1281 4170 libri
1298 4134 1359 4170 mss.
1376 4117 1441 4169 mut·

204 4185 292 4239 turin
309 4185 381 4238 Flor.
400 4133 435 4239 d:
461 4185 596 4266 ediditque
617 4185 681 4239 item
699 4185 803 4240 blodius
838 4187 909 4250 etati,
928 4185 1028 4241 Voss‘l
1048 4195 1076 4240 et
1092 4186 1166 4240 Flor.
1185 4185 1211 4240 G
1227 4203 1286 4239 oum
1304 4193 1372 4238 vett
1381 4185 1441 4238 edd.

204 4273 266 4308 com.
298 4272 420 4324 pupncre
446 4263 474 4306 ct
512 4253 598 4308 omisit
623 4271 700 4324 quum
733 4257 802 4308 vuln.
838 4257 957 4321 mutilati,
976 4257 1022 4308 sed
1037 4255 1129 4326 optimi
1138 4255 1236 4326 quique
1244 4253 1440 4307 BermAFlor.

205 4324 408 4392 Sigebergcnses
431 4325 608 4390 membranas,
638 4330 668 4376 ut
689 4321 735 4390 ait,
762 4340 803 4376 se·
838 4327 862 4375 Α
876 4322 1062 4379 Leid.Voss.l
1083 4327 1196 4377 mulcott
1224 4322 1346 4376 Diximus
1362 4341 1442 4394 supra

206 4400 290 4446 cutus.
838 4391 871 4444 ad
889 4405 941 4454 vu,
958 4400 990 4446 42
1009 4395 1043 4446 de
1061 4409 1123 4445 vcra
1140 4391 1271 4448 scribendi
1292 4389 1349 4446 eius
1366 4391 1440 4446 rerbi

241 4463 264 4532 ς.
281 4465 320 4512 1o.
356 4475 412 4511 cum
436 4469 471 4512 tot
493 4477 571 4510 tinum
595 4459 697 4528 iaceas]
733 4457 803 4514 Flor.
837 4459 948 4514 ratione.
