3350 5042
567 343 617 396 nn
644 343 769 397 casrrs
796 341 905 394 Anax.
932 342 996 409 vn,
1025 341 1065 388 ιι.
1364 323 1436 393 311

198 513 307 601 lerter
332 513 582 618 abscondunt,
618 539 674 616 ut,
709 525 776 598 nisi
811 524 871 621 qui
911 523 1140 612 defoderunt,
1175 524 1334 598 invenire
1365 551 1438 598 non

197 638 351 735 possint:
383 639 503 714 inhia
530 639 696 717 conditae
727 635 847 734 fruges
880 645 991 708 erant.
1044 633 1086 706 In
1113 659 1264 730 quarum
1290 638 1439 733 penuria

143 767 178 816 ιι
198 748 327 822 milites
353 749 516 824 fluviatili
543 753 640 848 pisce
666 759 704 820 et
728 747 847 819 herbis
875 745 1151 819 sustinebantur.
1191 743 1335 841 Iamque
1349 747 1437 820 haec

198 859 277 958 ipsa
302 862 470 934 alimenta
497 859 718 948 defecerant3
754 883 835 931 cum
861 858 1034 944 iumenta,
1067 856 1196 951 quibus
1223 881 1332 929 onera
1358 883 1436 954 por·
1486 928 1489 932 .

200 972 343 1064 tabant,
378 970 527 1043 caedere
559 971 644 1046 iussi
671 980 774 1044 aunt:
803 969 931 1040 horum
958 990 1080 1057 came,
1108 966 1194 1038 dum
1220 969 1256 1038 in
1283 966 1436 1040 Bactria·

200 1109 267 1158 nos
294 1091 519 1181 perventum,
546 1094 690 1157 traxere
716 1081 837 1152 vitam.
1508 1173 1512 1182 Ι

143 1213 179 1262 aa
301 1191 513 1266 Bactrianae
539 1203 657 1267 terrae
683 1189 870 1287 multiplex
896 1199 933 1262 et
958 1191 1059 1263 varia
1084 1197 1215 1264 natura
1240 1199 1305 1263 est.
1340 1189 1485 1264 Alibile

197 1303 311 1376 multa
342 1304 450 1377 arbor
485 1317 523 1377 et
557 1303 640 1376 vitis
672 1303 790 1398 largos
822 1300 998 1396 mitesque
1034 1302 1170 1373 fructus
1205 1301 1285 1374 alit:
1321 1302 1436 1374 solum

198 1413 329 1513 pingue
364 1415 479 1488 crebri
511 1414 629 1487 sontes
660 1413 816 1510 rigant;‚
841 1435 932 1508 quae
964 1413 1106 1485 mitiora
1139 1423 1225 1486 sunt
1258 1413 1436 1486 frumento

143 1543 179 1590 ιιι
199 1534 451 1613 conseruntur,
484 1534 605 1599 cetera
635 1533 878 1598 armentorum
910 1523 1043 1621 pabulo
1075 1521 1216 1596 cedunt.
1268 1521 1437 1622 Magnam

198 1633 326 1708 deinde
339 1643 480 1732 partem
492 1635 653 1711 eiusdem
678 1645 794 1708 terrae
820 1634 959 1708 steriles
985 1635 1140 1708 harenae
1166 1644 1306 1708 tenent:
1334 1659 1436 1731 squa-

197 1745 270 1818 lida
305 1745 465 1820 siccitate
496 1747 595 1845 regio
628 1773 701 1821 non
731 1745 926 1834 hominem,
957 1767 1031 1817 non
1063 1745 1202 1844 frugem
1235 1745 1317 1818 alit:
1355 1769 1437 1818 cum

196 1881 285 1930 vero
310 1858 410 1932 venti
436 1855 631 1932 aPontico
657 1856 747 1930 mari
772 1857 919 1955 spirant,
945 1853 1113 1953 quiequid
1138 1857 1254 1930 sabuli
1280 1857 1317 1928 in
1343 1880 1446 1956 cam-¹

197 1967 251 2066 pie
278 1967 371 2041 iacet
397 1979 625 2042 converrunt.
666 1963 772 2056 Quod
797 1967 864 2040 ubi·
886 1967 1106 2041 cumulatum
1132 1977 1197 2058 est,
1224 1992 1436 2068 magnorum

196 2078 338 2151 collium
363 2079 488 2176 procul
515 2079 651 2179 species
678 2087 749 2168 est,
780 2077 969 2178 omniaque
1004 2077 1143 2176 pristini
1168 2078 1304 2152 itineris
1329 2079 1435 2153 vesti·

141 2207 179 2257 aa
195 2189 255 2287 gia
285 2190 475 2263 intereunt
533 2188 659 2288 Itaque
693 2189 753 2287 qui
784 2197 974 2262 transeunt
1010 2213 1156 2286 campos
1190 2189 1434 2289 navigantium

194 2299 303 2375 modo
328 2310 439 2374 noctu
464 2299 584 2376 sidera
609 2301 819 2391 observant*
841 2299 889 2374 ad
915 2325 1066 2398 quomm
1092 2324 1236 2374 cursum
1261 2301 1330 2374 iter
1355 2300 1436 2374 diri·

194 2420 300 2508 gunt,
327 2421 365 2484 ct
390 2411 651 2510 propemodum
683 2414 810 2486 clarior
835 2421 891 2484 est
916 2411 1031 2484 noctis
1057 2409 1200 2501 umbra,
1227 2435 1333 2509 quam
1358 2413 1433 2486 lux.

144 2541 179 2590 as
196 2520 294 2620 Ergo
320 2521 475 2596 interdiu
501 2523 598 2597 invia
623 2534 680 2597 est
703 2523 813 2621 regio,
840 2522 924 2618 quia
948 2546 1014 2595 nec
1040 2523 1240 2620 vestigium,
1259 2522 1355 2620 quod
1381 2549 1434 2598 ee·

198 2642 368 2730 quantur,
402 2633 606 2724 inveniunt,
642 2643 679 2708 et
711 2635 807 2706 nitor
833 2631 991 2706 siderum
1016 2633 1165 2731 caligine
1192 2633 1432 2708 absconditur.

196 2741 364 2818 Ceterum
389 2745 420 2817 si
446 2769 537 2842 quos
571 2745 630 2819 ille
661 2755 810 2835 ventus,
846 2745 906 2841 qui
932 2769 955 2816 a
979 2744 1068 2818 mari
1095 2743 1271 2835 exoritur,
1306 2745 1453 2845 depre·'

141 2853 335 2945 rehendit,
367 2854 503 2932 harena
534 2856 663 2931 obruit
716 2855 789 2932 Sed
823 2881 894 2952 qua
927 2855 1046 2929 mitior
1079 2865 1177 2928 terra
1203 2865 1274 2948 eet,
1307 2858 1433 2956 ingens

193 2964 378 3038 hominum
403 2991 648 3066 equorumque
666 2968 865 3060 multitudo
891 2967 1057 3066 gignitur.
1103 2965 1229 3064 Itaque
1255 2965 1434 3043 Bactriani

193 3209 279 3264 dicam
295 3207 391 3264 nescio.
428 3207 537 3266 Graecis
555 3213 798 3284 σιρσὶιὶνοσιιροί,
834 3211 930 3264 Sidera
948 3209 1028 3282 igitur
1045 3209 1113 3282 plur.
1131 3227 1242 3266 numero
1260 3211 1434 3267 dieiturunns

193 3277 316 3349 maaria
333 3278 518 3346 autumna,
545 3277 573 3334 in
592 3281 706 3335 Thracia
723 3280 798 3335 inno-
832 3278 880 3333 rol

193 3346 711 3486 unua
742 3349 799 3472 r:
833 3350 946 3470 ae
1037 3347 1434 3486 sterneremus:-

192 3491 247 3538 nat
265 3482 327 3537 hist.
344 3497 430 3550 xvia,
448 3489 483 3538 80
501 3493 567 3540 rect.
584 3491 626 3540 73.
831 3483 964 3538 mendose.
991 3484 1058 3537 Item
1075 3501 1139 3536 mox
1151 3483 1226 3536 Leia
1236 3489 1333 3538 vocar
1354 3459 1433 3540 chi

227 3553 256 3604 in
273 3552 325 3622 dis]
361 3550 406 3606 Sio
431 3559 468 3620 et¹
484 3551 529 3606 alii
553 3553 631 3608 codd.
654 3563 683 3608 et
706 3571 797 3608 omnes
831 3553 881 3606 AB
895 3552 966 3608 Flor.
975 3552 1028 3606 ΕΗ
1040 3554 1103 3624 quia
1156 3549 1433 3626 ‘nec,drrroyoa9›lu.

193 3619 279 3674 nostri
388 3619 491 3675 rll'lor.¹
509 3620 533 3674 B
550 3621 580 3674 in
597 3639 651 3694 quo
673 3621 798 3676 scribitur
865 3625 889 3690 ξ.
907 3627 948 3676 80.
984 3621 1077 3692 Itaque
1120 3622 1237 3674 aelstani
1258 3623 1355 3701 equites
1381 3631 1432 3676 cet.

192 3689 253 3742 nia.
313 3707 332 3741 u
361 3689 424 3742 oin
441 3690 484 3743 iis.
518 3689 586 3744 Mox
607 3692 711 3759 fluvioli
726 3693 797 3761 piace
829 3690 879 3743 ie.
895 3688 1030 3743 Bactriani
1047 3688 1081 3741 ad
1099 3688 1134 3742 tri
1155 3688 1209 3742 'uta
1225 3689 1296 3742 milra
1313 3690 1433 3760 equitum

193 3755 265 3810 Flor-
283 3755 335 3810 EG
381 3756 461 3810 Bern.
480 3755 512 3810 B.
829 3758 857 3811 in
874 3757 972 3812 bellum
989 3757 1133 3811 mittereac
1155 3756 1432 3824 emathaeorum

227 3827 251 3893 5.
269 3831 311 3879 25.
346 3834 451 3878 traxere
467 3827 546 3879 vitam
592 3823 664 3880 Flor.
683 3825 733 3882 OG
752 3845 796 3881 cr-
830 3827 885 3880 fere
902 3825 970 3880 ratio
987 3834 1038 3892 est,
1057 3843 1111 3896 qua
1126 3826 1297 3880 barbararum
1314 3827 1432 3896 gentium

193 3895 415 4016 ινιῖτᾴσῖἰτιθιίιῗγπιοὲ
426 3895 529 4016 zelare
570 3894 656 3949 lor.H
672 3896 752 3950 Bam.
762 3897 795 3965 Β,
829 3894 900 4017 {2ss
915 3894 1027 4016 afgleemus
1035 3893 1271 4016 deithild'oesed
1289 3896 1432 4018 ιιιιιιιξθῖᾱιι

193 3979 250 4016 err
416 4001 423 4016 .
460 4001 467 4014 .
990 3981 1017 4016 ιιι
1088 3980 1124 4015 un
1177 3981 1195 4016 n
1224 3981 1242 4015 ιι
1265 3980 1316 4016 cu
1387 3982 1431 4016 um

227 4027 294 4101 Cap.
314 4035 354 4098 18,
373 4033 448 4098 §.tt
483 4047 501 4083 o
517 4030 626 4085 Pontico
643 4048 711 4084 marr
742 4031 796 4085 De·
829 4031 882 4086 hoc
898 4031 974 4085 colon
991 4032 1025 4084 ab
1043 4031 1133 4101 inepto
1150 4003 1307 4085 annotatoie
1328 4032 1371 4086 hio
1392 4032 1431 4086 in·

192 4098 275 4152 bebat
292 4117 309 4152 a
330 4097 428 4168 Caspio
445 4101 516 4152 mori
532 4099 626 4154 dicere.
661 4097 696 4153 Se
732 4101 796 4154 haec
829 4107 928 4154 sartum
956 4098 1289 4178 utent‚signilieantetiam
1301 4099 1431 4171 pertinere

192 4165 238 4219 illa
254 4173 297 4220 ert
312 4167 425 4221 duorum
441 4166 554 4221 marium
571 4167 688 4223 confinio
701 4168 735 4222 de
743 4186 796 4240 qua
829 4170 863 4222 ad
881 4185 913 4222 ca
952 4186 968 4221 o
1006 4185 1032 4221 m
1049 4185 1198 4238 copiarum,
1236 4168 1311 4236 uibus
1329 4169 1431 4222 Dareus

193 4234 306 4288 dixunur
323 4235 357 4289 ad
373 4250 414 4303 vx,
435 4243 476 4303 12,
496 4243 537 4290 lt.
829 4237 954 4290 adversus
986 4236 1210 4290 laxandrumnsus
1247 4237 1312 4290 erit..
1330 4237 1431 4292 Verum

227 4305 297 4360 nior
314 4305 499 4386 ridemm'cot.
527 4303 737 4359 ldustratnrhoc
753 4321 795 4374 eo,
829 4305 884 4358 tale
900 4305 964 4385 quid
982 4323 1011 4358 su
1032 4322 1061 4358 ra
1083 4323 1136 4360 non
1163 4305 1269 4376 legitur:
1296 4307 1330 4359 ad
1348 4309 1431 4360 Issum

231 4371 267 4426 od
280 4371 363 4426 caol
407 4381 465 4428 tur:
484 4375 537 4428 coli
555 4391 570 4428 ο
588 4375 687 4440 danda,
705 4375 795 4428 immo·
829 4373 965 4427 Bactrum
982 4392 1000 4427 n
1038 4373 1178 4439 isaer-ant,
1196 4374 1340 4428 adArbela
1357 4375 1429 4445 equi·

216 4443 251 4496 ὀ
269 4451 355 4496 terroe
364 4388 475 4513 Ji'roorc
488 4453 609 4510 εταιαια,
627 4445 709 4497 liccem
726 4443 795 4515 nysa
828 4449 887 4497 turn
909 4441 1111 4497 Bactrianorum
1135 4457 1258 4496 numanis
1283 4450 1341 4497 erat
1367 4451 1429 4496 octo
