3258 5120
572 343 622 394 nn
648 343 775 397 orsus
802 343 910 398 anax.
937 349 974 415 x,
1003 345 1026 395 ι.
1353 325 1426 396 485

150 527 406 616 aocciderant
433 526 589 626 quinque
605 529 702 602 milia
727 528 888 626 peditum
915 551 997 600 cum
1023 527 1200 624 equitibus
1218 527 1322 600 mille.
1358 523 1431 600 Sed

189 650 229 712 et
254 647 481 710 accusatores
509 663 571 714 eos
597 665 617 712 e
644 640 842 737 provincia,
876 638 933 710 cui
958 639 1201 736 praefuerant,
1236 637 1430 733 sequeban-

189 759 264 838 tur;
300 773 366 820 nec
393 757 449 822 tot
474 751 647 838 facinora,
683 757 769 844 quot
805 747 1040 838 admiserant,
1076 773 1305 846 compensare
1332 759 1429 846 pote·

152 869 272 933 srant
307 859 426 934 caedis
452 885 625 958 perquam
658 868 783 954 gratae
815 861 890 956 regi
925 861 1129 932 ministerio.
1184 857 1321 956 Quippe
1348 883 1429 930 cum

188 971 310 1044 omnia
343 972 495 1070 profana
530 970 759 1067 spoliassent,
795 994 840 1041 ne
867 970 976 1042 sacris
1004 969 1146 1066 quidem
1174 970 1429 1057 abstinuerant,

187 1083 416 1181 virginesque
442 1091 480 1153 et
505 1081 682 1178 principes
710 1081 937 1170 feminarum,
965 1091 1091 1178 stupra
1116 1104 1321 1177 perpessae,
1355 1105 1429 1152 cor·

103 1248 108 1258 .
154 1213 319 1290 sporum
344 1191 499 1266 ludibria
525 1188 716 1262 deflebant
755 1189 914 1264 Invisum
928 1190 1164 1266 Macedonum
1191 1215 1320 1262 nomen
1347 1216 1429 1264 ava·

154 1304 271 1376 aritia
297 1326 422 1378 eorum
447 1325 490 1372 ac
515 1298 625 1373 libido
652 1301 812 1374 barbaris
839 1303 982 1376 lecerat
1034 1301 1133 1374 Inter
1159 1325 1281 1373 omnes
1309 1311 1428 1374 tamen

162 1413 369 1486 -eminebat
395 1409 562 1486 Cleandri
596 1411 712 1501 furor,
748 1413 808 1508 qui
833 1413 990 1486 nobilem
1024 1413 1197 1510 virginem
1222 1422 1428 1510 constupra-

155 1542 170 1590 ι
188 1541 263 1596 tam
289 1548 395 1596 servo
411 1545 488 1597 'suo
506 1522 668 1618 pellicem
685 1521 843 1596 dederat.
884 1521 1049 1620 Plerique
1066 1523 1260 1595 amicorum
1272 1523 1428 1595 Alexan·

188 1633 243 1706 dri
260 1659 334 1705 non
352 1643 428 1706 tam
442 1631 639 1722 criminum,
666 1657 757 1729 quae
775 1635 894 1731 palam
907 1634 1175 1723 obiiciebantur,
1193 1633 1427 1725 atrocitatem,

182 1767 295 1842 ¹quam
320 1743 531 1817 memoriam
557 1743 664 1816 occisi
690 1768 754 1842 per
779 1744 858 1818 illos
876 1743 1131 1834 Parmenionis,
1158 1743 1255 1842 quod
1280 1745 1427 1818 tacitum
1470 1785 1471 1790 =

187 1854 360 1953 prodesse
386 1855 459 1928 reis
483 1852 581 1950 apud
606 1877 728 1951 regem
753 1864 910 1953 poterat,
936 1855 1186 1944 intuebantur,
1212 1855 1295 1928 laeti
1321 1857 1426 1930 recci-

188 1964 283 2038 disse
308 1965 399 2038 iram
424 1963 463 2064 in
498 1963 573 2036 Irae
598 1964 797 2055 ministros,
832 1990 899 2039 nec
924 1967 1033 2038 ullam
1066 1967 1264 2064 potentiam
1294 1968 1427 2040 scelere

155 2097 169 2162 z
188 2076 386 2173 quaesitam
412 2075 577 2173 cuiquam
603 2099 682 2154 esse
698 2073 913 2150 diuturnam.
952 2075 1033 2152 Rex
1050 2078 1193 2175 cognita
1215 2101 1322 2152 causa
1346 2102 1426 2175 pro·

185 2187 381 2278 nuntiavit,
417 2186 463 2259 ab
499 2187 769 2260 accusutoribus
797 2212 907 2260 unum
933 2197 971 2260 et
1004 2188 1041 2262 id
1066 2190 1262 2262 maximum
1293 2187 1426 2261 crimen

186 2322 265 2372 esse
281 2297 527 2396 praeteritum,
554 2296 839 2396 desperationem
855 2298 980 2372 salutis
998 2324 1103 2372 suae:
1131 2323 1314 2396 nunquam
1330 2299 1426 2371 enim

186 2408 272 2482 talia
297 2432 464 2498 ausuros,
499 2407 560 2505 qui
594 2408 713 2506 ipsum
739 2433 786 2482 ex
810 2406 912 2480 India
945 2409 1118 2508 sospitem
1151 2418 1214 2482 aut
1240 2419 1427 2509 optassent

154 2519 334 2610 ereverti,
370 2527 434 2592 aut
468 2517 704 2592 credidissent
735 2542 973 2592 reversurum.
1034 2519 1146 2618 Igitur
1180 2519 1245 2592 hos
1281 2519 1426 2618 quidem

186 2630 313 2720 vinxit,
338 2649 389 2702 nc
416 2638 538 2701 autem
563 2629 725 2718 militum,
752 2630 812 2725 qui
839 2631 1008 2704 saevitiae
1033 2643 1159 2704 'eorum
1177 2630 1326 2703 ministri
1352 2631 1424 2704 sue·
1485 2660 1486 2664 ¹

153 2750 294 2830 arant,
318 2739 470 2814 interfici
495 2740 608 2812 iussit.
640 2739 797 2813 ¹Eodem
832 2739 889 2814 die
915 2751 1098 2840 sumptum
1133 2750 1189 2814 est
1214 2741 1425 2839 supplicium

185 2851 230 2925 de
257 2852 304 2924 iis·
326 2875 478 2948 quoque,
506 2876 596 2948 quos
622 2861 786 2925 auctores
814 2849 1021 2924 desectionis
1036 2851 1229 2926 Persarum
1256 2849 1424 2925 Craterus

185 2961 396 3036 adduxerat
1333 2972 1335 2976 ’

137 3093 168 3140 ιο
289 3071 398 3146 Haud
423 3072 538 3146 multo
574 3082 658 3172 post
684 3069 866 3144 Nearchus
893 3080 931 3144 et
958 3068 1195 3162 Onesicritus,
1232 3098 1321 3170 quos
1349 3075 1422 3148 lon·
1452 3078 1473 3148 2

217 3339 276 3395 Lib.
285 3355 315 3395 x.
328 3347 422 3412 capl,
437 3345 496 3408 51.
554 3343 559 3354 '
634 3343 784 3421 milleped]
819 3338 946 3392 Meritum
964 3340 1034 3394 enim
1051 3340 1124 3409 illud,
1144 3340 1261 3412 quamvis
1278 3340 1333 3396 eius
1350 3359 1422 3396 men-

184 3409 286 3464 Ducum
311 3409 462 3463 nominibus
492 3427 509 3462 a
529 3409 613 3480 'ungit
640 3426 714 3480 quen
739 3427 786 3481 per
820 3407 859 3460 tio
876 3407 950 3461 nulla
966 3409 1051 3475 fieret,
1070 3417 1159 3464 tamen
1177 3426 1205 3464 re
1223 3409 1279 3480 ipsa
1296 3409 1422 3481 loqueba·

266 3477 295 3489 ..
442 3477 449 3490 .
509 3357 642 3491 W.
1004 3477 1010 3490 .
1206 3479 1211 3490 .

183 3485 374 3548 appositionem
392 3493 495 3558 copres,
523 3495 587 3549 quaa
604 3476 649 3558 rllr¹
669 3478 785 3559 adduxe-
820 3483 889 3556 tur..
903 3477 952 3531 Est
968 3493 1039 3530 emm
1055 3494 1141 3549 aeque
1159 3488 1263 3530 tacitum
1280 3479 1352 3549 quod
1367 3497 1423 3534 non

182 3555 251 3599 rant.
285 3545 326 3599 Ea
343 3563 404 3626 pare
426 3563 563 3627 copiarum
599 3555 677 3599 artrm
694 3546 786 3600 relrcta
820 3541 947 3624 loquium
973 3554 1053 3616 atque
1078 3547 1181 3617 dequo
1206 3564 1260 3599 non
1276 3546 1423 3626 loquuntur

182 3615 281 3696 dierat,
361 3633 396 3667 ιιιι
414 3615 526 3668 subinde
543 3564 654 3668 mllama
671 3615 786 3668 Ecbata-
820 3613 946 3692 hommes.
984 3615 1096 3694 Tantum
1123 3614 1195 3685 quod
1214 3613 1423 3696 'Pelhenm'ro

183 3699 232 3816 ml
258 3681 306 3805 ³C.
318 3689 517 3822 &5:031ss
517 3701 574 3804 ἔξω
574 3753 584 3820 l
621 3749 699 3804 codd
725 3749 772 3803 viti
818 3680 881 3802 ml
893 3689 1001 3803 cethego
1026 3701 1054 3736 ιιι
1080 3682 1152 3736 Flor.
1179 3681 1205 3736 G
1230 3699 1331 3750 invem,
1358 3700 1422 3736 rem·

183 3835 308 3940 ιιι
332 3825 439 3888 ιι
468 3835 581 3890 ιι·
616 3827 649 3872 ι
674 3819 781 3966 Vr}
818 3821 877 3964 ,a
892 3820 1423 3966 ιιιιιιιιιιιιιιιιι

204 3958 239 4036 .⁵·
253 3961 302 4035 ιθ..
326 3955 405 4034 occis}
429 3971 478 4023 per
503 3957 564 4008 illos
588 3954 783 4021 Pannoniam]
819 3971 867 4006 mn
885 3955 955 4024 apud
974 3955 1110 4020 Tacatum,
1198 3955 1269 4024 apud
1286 3971 1346 4007 eum
1364 3972 1421 4026 qur-

182 4021 784 4172 5:⁰2¹'ltt‘3‘ttmt‘stttlttdttgl
819 4021 879 4145 ‘lin
888 4021 1366 4158 2t1²³1t⁰tlftf²lt3¹at¹ntt
1387 4038 1420 4159 I:

179 4175 228 4230 per
245 4177 296 4213 eor.
318 4159 388 4238 μοι
401 4161 540 4238 τεεᾳᾰιιιε
553 4159 666 4241 Berrad
680 4159 785 4239 eodem·
820 4165 852 4214 37
870 4168 938 4213 extr.
1138 4229 1163 4240 .,

182 4244 232 4349 pue
257 4235 391 4307 pertinens
416 4225 492 4280 Lerd.
527 4231 667 4281 recodere.
716 4226 786 4280 Vide
854 4233 879 4294 s.
897 4233 921 4282 Β.
956 4241 995 4308 nc
1014 4237 1098 4280 autem
1108 4229 1231 4348 melitam}
1246 4227 1322 4282 Unus
1335 4229 1420 4282 codex

203 4296 334 4350 chnerderr
352 4294 436 4348 Elem.
454 4295 484 4348 L.
503 4295 534 4349 L.
552 4315 577 4367 p.
596 4301 655 4350 586.
819 4296 896 4350 Voss.
911 4304 926 4348 2
943 4299 1044 4350 matites.
1085 4295 1128 4348 Tu
1146 4297 1213 4349 cta
1249 4304 1419 4362 v1‚rs,2t.

216 4366 286 4432 quod
302 4365 419 4445 tacitura]
443 4363 563 4418 Fuerunt
572 4365 617 4445 qui
630 4366 707 4445 tacite
720 4363 784 4417 mal·
854 4364 920 4436 Cap.
935 4371 963 4444 Ι2,
982 4370 1060 4444 §.105
1094 4365 1233 4418 Nearchus
1250 4377 1274 4418 et
1289 4365 1420 4445 Onesicri-

183 4431 251 4500 lent,
286 4431 333 4484 sed
359 4441 466 4486 maran
495 4433 642 4504 elegautrus
672 4433 784 4487 ardetur.
818 4433 872 4504 tas]
909 4433 977 4486 Vrde
995 4437 1135 4486 Amanum
1153 4447 1199 4498 vr,
1226 4439 1258 4486 28
1277 4450 1322 4502 qur
1333 4431 1420 4502 Naar<
