3336 5066
189 317 265 390 252
664 329 698 392 Q·
726 327 851 378 curru
878 327 968 378 nuri

77 602 92 616 ⁶
190 511 273 600 Sed,
300 511 437 608 opinor,
463 511 584 586 liberis
610 512 764 612 pretium
790 511 974 587 servitutis
1001 511 1182 608 ingratum
1208 527 1274 588 est.
1323 515 1440 617 Igitur
1459 537 1494 586 ra

187 647 234 696 na
259 621 297 696 in
323 621 536 696 seditionem
561 649 620 700 res
645 635 863 715 verteretur,
890 621 1004 695 otium
1029 620 1332 718 interpellandum
1357 641 1441 702 erat

188 734 300 824 bello,
334 733 435 806 ouius
461 737 613 813 materia
645 747 848 836 opportune
876 731 1049 806 alebatur.
1102 730 1265 830 Namque
1291 737 1438 831 Bessus,
1460 725 1513 807 ra

188 854 291 919 veste
317 845 417 944 regia
442 857 605 943 sumpta,
631 847 864 921 Artaxerxen
890 843 1065 943 appellari
1090 867 1131 916 se
1156 842 1321 936 iusserat,
1347 845 1434 948 Scy·

189 951 342 1054 thasque
367 967 405 1028 et
430 967 570 1028 ceteros
597 955 727 1028 Tanais
752 955 893 1028 accolas
920 954 1168 1028 contrahebat
1219 953 1319 1030 Haec
1344 953 1437 1031 Sati·

188 1067 363 1146 barzanes
388 1064 591 1154 nuntiabat,
617 1088 723 1159 quem
749 1073 934 1162 receptum
960 1065 997 1136 in
1024 1065 1133 1139 fidem
1158 1067 1306 1166 regioni,
1327 1093 1437 1166 quam

188 1189 296 1252 antea
322 1173 544 1264 obtinuerat,
576 1172 756 1271 pracfecit.
808 1171 965 1246 Etcum
996 1198 1123 1273 grava.
1136 1177 1258 1272 spoliis
1284 1200 1491 1279 appara-1⁴

186 1299 299 1383 tuque
324 1285 487 1358 luxuriae
513 1309 643 1386 agmen
668 1284 732 1358 vix
757 1293 975 1376 moveretur,
1002 1309 1086 1358 suas
1113 1285 1278 1383 primum,
1305 1287 1435 1364 deinde

187 1397 299 1470 totius
334 1396 515 1472 exercitus
553 1397 728 1488 sarcinas,
772 1398 935 1496 exceptis
978 1395 1175 1471 admodum
1215 1399 1434 1490 necessariis,

187 1507 340 1582 conferri
366 1507 471 1583 iussit
495 1509 533 1583 in
559 1507 727 1584 medium.
761 1505 935 1582 Planities
961 1509 1124 1605 spatiosa
1148 1519 1238 1599 erat,
1263 1511 1301 1584 in
1326 1535 1434 1609 qnam
1453 1529 1488 1577 15

187 1619 353 1697 vehicula
378 1629 511 1692 onusta
536 1619 791 1718 perduxerant.
844 1615 1131 1714 Expectantibus
1156 1620 1313 1710 cunctis,
1347 1621 1433 1719 quid

186 1729 317 1805 deinde
349 1738 446 1802 esset
476 1729 732 1827 imperaturus,
772 1727 933 1802 iumenta
965 1729 1071 1804 iussit
1101 1727 1248 1820 abduci,
1289 1731 1433 1830 suisque

117 1873 119 1878 ’
186 1842 342 1941 primum
378 1839 526 1938 sarcinis
568 1839 646 1912 face
680 1837 840 1928 subdita,
882 1849 1023 1912 ceteras
1059 1837 1202 1912 incendi
1241 1844 1433 1940 praecepit.

132 2015 134 2018 .
184 1949 408 2050 Plagrabant
442 1950 677 2024 exurentibus
709 1947 881 2040 dominis,
916 1973 1009 2046 quae
1035 1961 1078 2024 ut
1102 1949 1240 2024 intacta
1265 1977 1313 2026 ex
1338 1953 1432 2026 urbi·
1450 1973 1484 2021 ro

185 2062 255 2136 bus
289 2061 449 2135 hostium
481 2071 666 2160 raperent,
702 2083 810 2158 saepe
841 2059 1006 2134 flammas
1040 2061 1299 2153 restinxerunt,
1334 2063 1432 2136 nullo

186 2171 369 2271 sanguinis
401 2171 558 2269 pretium
589 2171 745 2244 audente
780 2170 928 2266 deflere,
963 2197 1045 2246 cum
1079 2171 1197 2270 regias
1224 2197 1312 2272 opes
1337 2173 1434 2248 idem

100 2277 131 2334 Ὺ
186 2283 278 2382 ignis
313 2293 491 2355 exureret.
556 2281 684 2355 Brevis
722 2281 852 2356 deinde
890 2282 1005 2356 oratio
1040 2283 1220 2380 mitigavit
1259 2283 1431 2377 dolorem,
1450 2305 1482 2352 ιι

186 2395 394 2491 habilesque
421 2393 567 2468 militiae
595 2392 704 2466 etad
729 2393 850 2466 omnia
875 2393 993 2490 parati
1019 2393 1257 2486 laetabantur,
1280 2395 1434 2470 sarcina-

100 2541 101 2546 *
185 2531 267 2580 rum
292 2504 423 2603 potius,
450 2529 559 2602 quam
586 2503 808 2602 disciplinae,
835 2503 962 2576 fecisse
988 2503 1173 2578 iacturam.
1224 2503 1341 2604 Igitur
1364 2505 1431 2580 Ba·
1450 2524 1484 2574 rs

188 2609 363 2692 ctrianam
379 2615 572 2714 ‘regionem
597 2615 779 2714 petebant.

136 2729 184 2800 22
260 2711 364 2800 'Sed
388 2723 560 2816 Nicanor,
593 2724 839 2799 Parmenionis
865 2725 959 2798 filius
966 2780 976 2817 ,
1016 2724 1149 2798 subita.
1175 2736 1292 2800 morte
1319 2751 1433 2801 corre·

186 2849 282 2936 ptus,
321 2861 452 2934 magno
492 2835 669 2910 desiderio
695 2837 751 2909 aui
777 2837 948 2910 affecerat
978 2847 1146 2910 cunctos.
1178 2873 1183 2884 ·
1211 2835 1307 2927 Rex,
1347 2849 1432 2912 ante
1450 2857 1482 2904 ιι

187 2963 312 3022 omnes
337 2955 508 3036 maestus,
522 2946 689 3044 cupiebat
715 2945 860 3043 quidem
885 2945 1083 3034 subsistere
1107 2946 1433 3039 iuneriaffuturus,

188 3057 254 3132 sed
279 3057 429 3156 penuria
455 3067 720 3130 commeatuum
745 3057 915 3130 festinare
947 3057 1109 3154 cogebat.
1162 3055 1289 3156 Itaque
1315 3057 1432 3132 Philo·

89 3169 94 3182 '
187 3181 244 3243 tas
272 3192 354 3241 cum
379 3166 521 3240 duobus
548 3169 690 3242 milibus
717 3179 754 3240 et
779 3189 829 3241 nc
856 3169 1013 3259 relictus,
1040 3177 1082 3240 ut
1107 3167 1202 3242 iusta
1227 3169 1329 3242 sratri
1355 3195 1433 3268 per·

190 3282 363 3374 solveret:
390 3279 467 3377 ipse
494 3275 680 3352 contendit
705 3276 752 3350 ad
778 3276 940 3352 Bessum.

221 3535 247 3598 s.
275 3537 316 3584 12.
348 3533 446 3610 'otiam
483 3531 701 3611 interpelluudmn
735 3539 793 3582 erar
828 3527 893 3581 nihil
920 3545 1001 3609 quam
1024 3529 1172 3608 vulgatum.
1207 3501 1293 3584 Panlo
1368 3540 1381 3585 t
1405 3531 1433 3584 in

187 3601 264 3667 bello]
303 3598 376 3652 Edit.
442 3615 482 3679 nc.
507 3609 559 3679 prro
581 3599 708 3667 antuprll.
735 3607 792 3650 erat
828 3596 908 3677 codd.
934 3598 1145 3678 rtemuommbns
1177 3607 1285 3668 praeter
1335 3600 1381 3654 lor.
1408 3599 1435 3654 G

188 3669 297 3734 bellam,
315 3667 362 3720 Ma
404 3677 489 3746 arpo
508 3669 718 3746 interpolandrpn
736 3675 792 3718 erce
827 3683 856 3717 ιη
874 3682 927 3736 qao
944 3666 1112 3737 nagbgentar
1136 3685 1188 3738 pro
1212 3669 1241 3720 in
1266 3685 1346 3738 quoru
1370 3668 1434 3722 aori·

187 3738 311 3858 dldnllis
317 3733 793 3882 plpoupmppppnmoecppopaduppnpptpb
827 3741 934 3868 pusilla
946 3803 1130 3856 &enodanda
1140 3803 1237 3884 oratio]
1254 3801 1351 3857 Primis
1365 3811 1434 3858 tam·

183 3875 346 4021 &nillil
361 3870 675 4020 bald-..iffi
690 3887 801 4006 alta
826 3869 1435 4020 lllmttilffltittlttbt'talt

187 4009 280 4088 optimi
298 4017 335 4062 rto
352 4017 383 4062 ut
399 4008 476 4063 umul
493 4015 574 4088 atram
588 4019 667 4060 otram
676 4015 792 4074 remant,
827 4006 882 4088 ⁸Sad
900 4023 992 4088 verum
1018 4008 1152 4078 estquod
1177 4007 1285 4062 Modrus
1312 4017 1432 4078 motat,

187 4080 333 4158 deteriores
350 4085 382 4131 ut
399 4079 471 4157 ocius
482 4076 617 4157 ‘acnbant
636 4076 711 4130 Unus
720 4075 792 4157 Flor.
826 4083 971 4157 moptrmrs
989 4076 1065 4130 codd
1078 4093 1135 4130 esse
1153 4077 1224 4156 brevi
1241 4079 1335 4131 deinde
1352 4079 1433 4145 ratio,

223 4288 246 4354 ς.
275 4290 315 4337 14.
357 4285 471 4354 corserra‘
503 4291 582 4336 amsii
614 4301 643 4335 m
668 4283 793 4353 mediam]
828 4301 856 4334 ιιι
873 4282 945 4363 Flor.
963 4282 1079 4362 Dsrffl
1097 4283 1177 4363 Bern.
1197 4283 1253 4364 B..
1293 4301 1341 4336 nus
1362 4282 1433 4338 Flor.

189 4353 281 4478 8pr
288 4349 795 4492 gffipppmpdrppffipi’b'xp.aigfippsgprrp2
830 4349 856 4404 G
873 4351 944 4470 breui
963 4353 1057 4404 deinde
1075 4362 1177 4405 rotrone
1194 4353 1339 4422 nutrqabot.
