3258 5120
586 345 636 427 on
663 348 789 402 cussis
816 349 925 402 anax.
953 349 1004 420 rx,
1029 347 1070 396 m.
1370 332 1443 401 449

207 556 278 628 gen
305 553 462 619 amnem,
503 539 541 604 et
572 555 665 628 quae
696 535 792 608 ultra
823 545 958 624 essent,
1000 543 1162 605 eoactum
1194 532 1444 623 transmittere,

207 667 280 713 non
307 649 428 712 tamen
454 641 586 732 finisse,
613 643 682 724 sed,
697 656 856 718 mutasse
875 644 1020 716 bellum.
1073 641 1258 716 Indomitis
1278 644 1456 742 gentibus-

154 769 188 816 ιε
208 775 248 824 se
274 751 445 845 obiectos,
472 765 513 826 ut
539 756 712 852 sanguine
739 781 804 828 suo
832 756 1013 852 aperirent
1038 752 1070 825 ei
1093 749 1284 826 Oceanum.
1337 753 1444 826 Trahi

207 871 313 934 extra
339 861 459 937 sidera
485 874 523 937 et
549 864 671 952 solem,
698 866 846 962 cogique
865 865 973 954 adire,
1001 888 1092 960 quae
1112 865 1314 939 mortalium
1334 866 1444 938 oculis

206 982 336 1046 natura
368 974 591 1048 subduxerit
645 971 756 1046 Novis
794 974 991 1048 identidem
1029 976 1135 1047 armis
1172 1001 1286 1048 novos
1325 975 1446 1048 hostes

206 1085 372 1159 existere.
426 1084 525 1175 Quos
560 1093 602 1156 ut
633 1109 756 1157 omnes
789 1085 942 1160 fundant
974 1086 1183 1182 fugantque,
1218 1085 1313 1181 quod
1347 1111 1446 1184 prae·

206 1197 318 1269 mium
343 1197 441 1294 ipsos
467 1192 638 1268 manere?
676 1196 862 1294 caliginem
894 1221 937 1269 ao
968 1199 1135 1271 tenebras
1169 1207 1207 1267 et
1237 1193 1447 1293 perpetuam
1547 1193 1550 1200 ⁴

205 1317 349 1380 noctem
389 1303 569 1403 profundo
608 1304 836 1378 incubantem
875 1306 982 1397 mari,
1026 1306 1202 1402 repletum
1241 1306 1446 1377 immanium

205 1417 394 1490 beluarum
419 1417 589 1514 gregibus
611 1416 752 1506 fretum,
778 1416 976 1491 immobiles
995 1415 1122 1506 undas,
1148 1417 1186 1488 in
1206 1416 1332 1512 quibus
1352 1441 1445 1488 emo·

204 1528 301 1602 riens
326 1536 457 1626 natura
483 1525 662 1600 defecerit
1558 1521 1560 1524 ’

154 1657 187 1705 rs
227 1681 232 1686 ·
301 1636 392 1714 ,Rex
416 1662 491 1710 nou
517 1661 601 1727 sua,⁴
633 1635 699 1710 sed
729 1636 881 1710 militum
915 1635 1151 1710 sollicitudine
1186 1638 1330 1727 anxius,
1366 1661 1446 1710 oon·

206 1748 304 1822 tione
329 1745 524 1838 advocata,
550 1745 674 1837 docet,
705 1746 865 1820 imbelles
891 1771 986 1837 esse,
1013 1772 1103 1844 quos
1129 1756 1300 1821 metuant
1352 1744 1447 1818 Nihil

207 1855 335 1931 deinde
361 1867 506 1957 praeter
524 1853 596 1931 has
623 1867 749 1955 gentes
774 1856 930 1946 obstare,
956 1857 1146 1954 quominus
1169 1868 1345 1931 terrarum
1367 1881 1457 1954 spa·-

184 1970 258 2042 tia
287 1968 422 2044 emensi
454 1967 502 2042 ad
533 1969 642 2042 finem
675 1968 779 2042 simul
809 1965 934 2040 mundi
965 1967 1199 2065 laborumque
1225 1967 1445 2065 perveniant

154 2097 187 2146 ao
207 2076 366 2153 Cessisse
392 2079 460 2154 illis
479 2079 723 2153 metuentibus
739 2072 892 2175 'Gangen
912 2089 950 2152 et
968 2077 1232 2152 multitudinem
1251 2078 1444 2167 nationum,

207 2214 299 2286 quae
318 2191 415 2264 ultra
432 2215 575 2264 amnem
594 2193 734 2264 essent:
761 2187 957 2262 declinasse
975 2189 1044 2262 iter
1066 2214 1119 2281 eo,
1146 2189 1208 2262 ubi
1234 2213 1299 2287 par
1324 2188 1447 2286 gloria,

155 2318 186 2367 ²¹
206 2301 323 2382 minus
356 2302 552 2400 periculum
580 2311 686 2376 esset
738 2299 826 2374 lam,
845 2300 1050 2398 prospicere
1076 2325 1116 2373 se
1143 2297 1340 2391 Oceanum,
1375 2300 1447 2372 iam

206 2399 357 2510 perflare
384 2411 431 2486 ad
456 2413 555 2511 ipsos
573 2437 706 2489 auram
731 2410 858 2484 maris:
896 2435 942 2484 ne
972 2409 1176 2484 inviderent
1200 2411 1268 2485 sibi
1293 2408 1446 2500 laudem,

208 2547 316 2619 quam
355 2531 504 2622 peteret
557 2520 721 2596 Herculis
753 2532 791 2594 et
821 2518 940 2592 Liberi
972 2519 1090 2594 Patris
1128 2521 1299 2594 terminos
1331 2531 1444 2593 traus-

206 2633 330 2724 ituroa
356 2634 436 2707 illos
457 2633 532 2732 regi
559 2657 635 2724 suo,
662 2656 775 2730 parvo
794 2630 984 2730 impendio,
1010 2632 1314 2704 immortalitatem
1332 2633 1447 2704 famae

209 2742 367 2818 daturos.
419 2731 635 2818 Paterentur
660 2768 700 2816 se
726 2767 773 2816 ex
798 2739 901 2814 India
925 2741 1054 2833 redire,
1080 2767 1154 2815 non
1177 2743 1311 2840 sugere.

157 2871 189 2920 2²
312 2851 438 2928 Omnis
464 2853 675 2946 multitudo,
710 2863 748 2929 et
771 2850 927 2927 maxime
951 2851 1132 2944 militaris,
1166 2852 1288 2925 mobili
1313 2854 1497 2950 impetull

185 3059 814 3204 'neanmammtm
843 3079 1021 3218 ararad
1034 3078 1325 3218 Palm
1341 3077 1449 3219 tm

209 3213 335 3269 Glareaui
361 3215 540 3271 coniecturam
566 3227 683 3271 mactum
703 3235 752 3288 pro
773 3215 813 3270 le-
848 3224 970 3270 auctores
996 3215 1116 3270 dixerit?
1151 3215 1194 3268 De
1219 3219 1300 3271 verbo
1326 3217 1449 3270 inuitare

140 3307 143 3314 ·
210 3281 300 3338 ctione
327 3284 444 3340 omnium
470 3285 548 3340 codd.
576 3295 677 3339 coactos
706 3293 814 3340 auctore
848 3293 920 3338 recte
930 3283 1068 3338 admonuit
1077 3283 1211 3338 Acidalius
1221 3283 1366 3356 Vergiliani
1379 3283 1448 3338 illius

209 3351 814 3424 Freinshemiorecepimuqnimirumuttraas-
848 3351 966 3424 eprimo
983 3355 1050 3406 Aen
1068 3370 1106 3406 vs.
1118 3359 1149 3408 9³
1170 3363 1252 3422 ponto
1266 3355 1322 3408 'nox
1345 3355 1449 3407 marlot

209 3422 310 3474 mittere
324 3420 491 3492 intelligatur
504 3424 629 3488 emutare,
648 3421 814 3492 cuiussigni·
849 3432 918 3476 otro.
963 3420 1089 3475 Ceterum
1139 3431 1245 3490 erpelrm
1276 3431 1349 3476 nocte
1373 3421 1448 3475 Laid.

210 3488 339 3544 flectionis
356 3489 421 3544 satis
439 3489 524 3544 mults
537 3497 567 3544 et
579 3489 675 3545 idonea
692 3489 812 3569 exempla
846 3493 949 3544 vocal
969 3489 1051 3542 Bern
1065 3491 1091 3544 A
1132 3489 1165 3541 al.
1183 3497 1195 3541 1
1221 3489 1293 3544 Flor.
1308 3491 1356 3544 AB
1375 3507 1449 3543 men·

211 3555 288 3612 huius
312 3566 343 3612 et·
362 3557 526 3629 insequentis
546 3557 642 3612 aetatis
665 3557 694 3612 in
722 3557 812 3612 lexicis
847 3558 911 3613 dosa
939 3557 1039 3611 omissa
1063 3576 1089 3610 m
1115 3557 1202 3622 litera,
1229 3576 1291 3612 mox
1316 3561 1449 3629 eyreqium

210 3634 314 3680 extant
348 3625 420 3679 Nam
441 3625 493 3680 alia
509 3626 616 3706 quidem
632 3626 736 3680 ratione
753 3643 813 3680 sen·
846 3643 896 3696 pro
913 3627 1037 3696 qreqibus
1055 3625 1137 3679 Patr
1156 3625 1228 3679 Flor.
1239 3625 1300 3680 DG.

212 3693 297 3748 ΜΕ
315 3693 435 3765 exl³⁰dl¹l
452 3703 556 3764 n‘’qust-
629 3765 634 3776 ,
756 3761 764 3774 ,
883 3714 906 3779 §-
922 3718 963 3764 19.
997 3713 1090 3764 mimda'
1110 3711 1289 3782 laborumque]
1324 3711 1404 3764 Bern.
1423 3712 1449 3764 A
1527 3761 1531 3770 ,

241 3765 269 3842 §-
286 3769 327 3818 18·
369 3773 478 3817 ”alm
491 3762 671 3842 §uldwml
696 3761 814 3816 omnim·
847 3779 924 3833 Voss.
940 3787 952 3833 l
971 3779 1043 3833 Flor.
1060 3777 1109 3832 AC
1132 3779 1308 3850 laboremque,
1334 3779 1448 3832 Flor.B

212 3839 311 3885 ⁰l¹V¹¹¹¹¹
328 3831 435 3885 ¹¹¹⁰d¹¹¹¹¹
446 3838 516 3885 ¹⁸0⁰
533 3839 704 3901 &smmum
720 3840 813 3900 Ρθθω·
848 3849 975 3914 laborer,
998 3847 1124 3900 mendose
1141 3847 1249 3902 confusa
1265 3845 1449 3901 terminatione

210 3898 271 3978 ¹932,
299 3897 410 3979 ld0⁰ll13⁰
434 3897 523 3978 ”belli
548 3899 591 3952 '⁸¹
604 3899 811 3979 ,ffisfflgffllbm
849 3935 905 3970 -um
922 3924 952 3970 et
968 3933 1029 3970 em.
1063 3915 1138 3969 Laid
1157 3917 1311 3986 laborisque.

211 3967 286 4020 hbm
303 3985 365 4020 m
382 3985 410 4020 m
430 3967 528 4038 ΨΜ
550 3967 691 4021 umbem
714 3969 811 4021 ''Ml‘'
884 4005 909 4068 s.
927 4007 969 4056 21.
1013 4003 1172 4055 transituros
1204 4001 1274 4072 illos]
1318 3999 1363 4054 Sic
1388 4018 1448 4054 mss

211 4045 300 4158 mi}
319 4031 810 4174 flfflffiffmfflgmdffipfiffi
849 4086 949 4150 omnes,
968 4087 1022 4140 qua
1038 4069 1152 4150 lectione
1169 4069 1273 4188 desert?
1287 4085 1333 4122 our
1343 4067 1449 4189 {iodim

242 4121 379 4243 aolino
405 4173 570 4226 inmanem
595 4173 673 4240 mm]
717 4171 815 4226 Exn
849 4139 964 4274 tart?
979 4138 1449 4272 nstittttalttmttt

213 4257 283 4293 mam
300 4241 368 4294 hanc
383 4257 473 4295 rocem
481 4239 707 4306 Modiusdelovit,
724 4257 815 4311 quam.
850 4275 922 4346 quod
939 4292 998 4328 cum
1016 4289 1172 4344 praegresso
1192 4283 1290 4352 pem
1308 4273 1450 4344 coniunge.

213 4307 622 4432 ssognfflzfflffi‘affiss{
646 4308 815 4430 wffinztis'}
850 4350 909 4410 tur,
933 4359 1041 4414 prorsus
1059 4359 1101 4394 me
1120 4359 1172 4395 non
1190 4341 1338 4412 intelligere
1355 4342 1449 4395 fateor.

214 4451 312 4517 poetae
329 4447 496 4516 profundior
517 4463 598 4517 saepe
621 4463 669 4518 pro
691 4445 757 4499 mari
775 4445 814 4498 di·
886 4444 950 4517 Cap.
964 4448 1089 4514 lt,§.2‘3.
1119 4445 1210 4497 mobili
1226 4446 1319 4512 mpetu
1332 4444 1448 4513 efferim

1263 4535 1295 4582 29
