3346 5044
168 331 269 402 ‘234
388 287 391 294 Ι
664 349 699 414 o.
726 349 849 404 curru
873 327 976 404 sum·

192 528 424 630 percrebruit,
450 557 572 632 regem
596 547 804 612 contentum
829 538 946 628 rebus,
973 563 1062 634 quas
1087 539 1268 636 gessisset,
1293 541 1330 612 in
1355 535 1429 613 Ma·

192 641 378 715 cedoniam
413 648 576 742 protinus
609 649 723 725 redire
755 651 931 723 statuisse.
990 645 1205 722 Discurrunt
1235 651 1428 749 lymphatis
1448 671 1481 720 te

192 752 324 827 similos
356 753 393 826 in
425 757 670 849 tabernacula,
705 770 741 833 et
770 760 887 832 itineri
918 759 1075 832 sarcinas
1108 769 1253 857 aptant:
1289 761 1429 860 signum

192 863 318 938 datum
345 866 518 958 crederes,
546 881 587 941 ut
612 897 701 943 vasa
725 871 939 966 colligerent.
975 868 1075 941 Totis
1102 869 1228 940 castris
1255 873 1430 945 tumultus

192 977 275 1050 binc
288 978 563 1052 contubernales
590 1005 674 1052 suos
701 979 965 1076 requirentium,
982 979 1064 1054 hinc
1082 979 1307 1053 onerantium
1333 981 1430 1077 plau·

192 1101 283 1179 stra,
316 1089 494 1185 perfertur
526 1087 573 1160 ad
607 1113 736 1186 regem.
793 1088 966 1164 Fecerant
998 1092 1104 1166 fidem
1136 1090 1271 1165 rumori
1296 1101 1430 1164 temere
1450 1113 1481 1160 rr

193 1200 342 1297 vulgato
370 1194 496 1270 Graeci
531 1199 675 1290 milites,
711 1199 824 1276 redire
850 1205 936 1278 iussi
962 1203 1104 1296 domos,
1131 1227 1283 1302 quorum
1309 1205 1431 1300 equiti·

193 1311 261 1382 bus
288 1308 435 1404 singulis
464 1308 649 1384 denarium
681 1338 768 1387 sena
792 1315 888 1388 milia
923 1313 1049 1414 [data]
1109 1315 1200 1414 Ipsis
1227 1339 1368 1410 quoquc
1394 1317 1432 1386 fi·

192 1446 276 1496 nem
301 1420 446 1494 militiae
472 1421 599 1497 adesse
625 1425 827 1499 credebant
866 1423 974 1498 Haud
999 1451 1101 1501 secus
1128 1449 1236 1523 quam
1262 1449 1328 1523 pur
1355 1434 1433 1498 erat
1452 1446 1484 1493 rs

192 1533 350 1624 territus,
378 1533 439 1631 qui
464 1533 573 1610 Indos
600 1547 707 1633 atque
734 1536 859 1609 ultima
884 1533 1041 1610 Orientis
1073 1561 1265 1636 peragrare
1290 1537 1433 1610 statuis-

193 1656 264 1735 set,
300 1645 501 1743 praefectos
534 1649 716 1746 copiarum
743 1647 779 1718 in
804 1647 1022 1744 praetorium
1049 1649 1247 1722 contrahit:
1283 1648 1433 1721 obortis-

193 1781 262 1855 que
289 1756 453 1847 lacrimis,
467 1782 514 1829 ex
540 1757 659 1831 medio
684 1757 818 1856 gloriae
844 1757 959 1854 spatio
986 1761 1150 1831 revocari
1175 1783 1224 1850 se,
1249 1758 1336 1832 victi
1361 1785 1433 1832 ma·

191 1868 246 1966 gis
280 1890 388 1962 quam
423 1867 568 1941 victuris
603 1870 783 1942 fortunam
817 1869 854 1940 ‘m
880 1869 1033 1967 patriam
1059 1871 1255 1944 relaturum
1281 1894 1433 1967 conque·

83 2049 86 2054 .
193 1988 272 2053 stus
304 1987 378 2068 est,
413 2003 479 2051 nec
506 1980 574 2056 sibi
600 1980 780 2080 ignaviam
805 1981 957 2054 militum
991 1981 1151 2073 obstare,
1184 1981 1248 2056 sed
1284 1981 1432 2057 deorum
1452 2001 1485 2050 m

194 2086 382 2180 invidiam,
418 2091 478 2187 qui
509 2092 709 2167 fortissimis
744 2092 828 2165 viris
860 2093 1018 2167 subitum
1049 2093 1187 2192 patriae
1218 2093 1435 2170 desiderium

193 2200 454 2292 admovissent,
488 2204 596 2302 paulo
618 2207 723 2302 post
738 2204 775 2276 in
800 2203 951 2279 eandem
985 2205 1226 2280 cummaiore
1252 2203 1359 2282 laude
1383 2205 1433 2278 fa·

193 2335 323 2409 maque
350 2311 527 2387 redituris.
581 2315 673 2389 Tum
705 2341 791 2389 vero
823 2341 890 2415 pro
917 2341 955 2389 se
981 2318 1130 2413 quisque
1157 2343 1304 2416 operam
1330 2341 1431 2390 suam
1449 2336 1484 2384 eo

100 2495 107 2506 ,
193 2425 342 2514 offerre,
371 2421 576 2500 difficillima
601 2453 762 2526 quaeque
788 2452 950 2526 poscere,
985 2426 1144 2526 polliceri
1170 2428 1321 2504 militum
1347 2454 1432 2525 quo·
1472 2457 1477 2466 ·

194 2562 264 2635 que
305 2535 532 2634 obsequium,
573 2541 603 2612 si
638 2539 774 2612 animos
818 2563 941 2612 eorum
973 2540 1042 2611 leni
1077 2549 1115 2612 et
1149 2551 1235 2638 apta
1272 2541 1433 2614 oratione

194 2647 416 2748 permulcere
442 2651 624 2727 voluisset
663 2649 854 2753 Nunquam
879 2651 1047 2724 infractos
1074 2661 1111 2724 et
1136 2650 1294 2726 abiectos
1320 2677 1432 2726 reces-
1450 2670 1482 2718 21

194 2760 294 2848 sisse,
322 2763 485 2855 quotiens
512 2764 624 2860 ipsius
650 2763 869 2836 alacritatem
895 2773 931 2835 et
958 2763 1048 2835 tanti
1065 2763 1173 2834 animi
1190 2763 1335 2861 spiritus
1348 2762 1433 2835 hau·

195 2871 264 2944 rire
292 2875 502 2970 potuissent.
556 2874 611 2948 Ita
637 2899 675 2947 se
702 2875 879 2948 sucturum
905 2898 984 2946 csse
1015 2873 1218 2971 respondit:
1250 2875 1298 2946 illi
1324 2873 1433 2947 modo

193 3093 327 3148 codicibus
346 3091 431 3147 Curtii
454 3090 514 3145 libri
536 3091 648 3162 primum
665 3091 735 3214 typis
752 3093 798 3146 de·
832 3092 912 3162 vulgo
935 3092 1042 3145 additur
1067 3095 1134 3146 dono
1157 3095 1280 3158 dederet,
1308 3109 1358 3162 pru
1381 3109 1434 3162 quo

193 3162 286 3233 scripti
303 3161 366 3226 sint,
385 3179 446 3214 nam
463 3177 479 3213 e
496 3161 593 3214 nostris
610 3177 678 3214 unus
718 3160 798 3214 lor.G
832 3177 883 3231 ego
900 3160 1024 3214 substitui
1042 3163 1115 3214 data.
1142 3161 1274 3214 Nimirum
1292 3169 1324 3213 ut
1401 3177 1434 3213 ue

194 3231 266 3285 istud
297 3233 396 3284 viritim
424 3229 517 3296 habet,
546 3246 580 3282 ex
609 3228 671 3283 olim
697 3220 798 3284 cedatis
832 3229 955 3300 exiguus
973 3229 1158 3283 auctoritatem
1176 3230 1274 3293 babet,
1300 3229 1347 3281 sed
1369 3229 1435 3282 ilud

193 3299 251 3355 Pal
272 3307 295 3352 1.
833 3297 981 3364 minimam,
1004 3315 1020 3351 a
1045 3298 1109 3351 meis
1135 3297 1208 3352 libris
1225 3297 1302 3351 unius
1319 3297 1391 3350 Flor.
1409 3297 1435 3351 G

228 3373 253 3435 s.
274 3375 314 3422 lt.
349 3369 502 3420 discurrunt
519 3397 555 3408 -·-
571 3368 601 3419 in
618 3368 798 3437 tubernumla]
833 3383 882 3420 uec
898 3365 976 3420 ullius
993 3367 1027 3420 de
1044 3366 1202 3438 ceteris,qui
1212 3365 1434 3437 quidemnomine

193 3435 421 3508 Praepositionenr
447 3443 476 3488 et
494 3434 628 3488 Snakeub.
652 3435 753 3489 codices
770 3446 799 3488 et
893 3435 915 3488 ‘t
932 3435 1020 3500 citsri3
1046 3437 1110 3488 duta
1133 3443 1223 3488 autem
1240 3444 1282 3488 est
1299 3434 1326 3488 in
1344 3433 1400 3488 Pu.
1421 3443 1432 3486 1

194 3506 260 3572 mei,
284 3523 337 3558 uno
361 3503 432 3558 Flor.
457 3503 482 3557 G
505 3511 636 3575 excepto,
663 3503 798 3567 omittunt,
856 3504 903 3558 lor.
921 3504 971 3557 DF
988 3512 1017 3557 at
1039 3502 1066 3557 in
1083 3503 1098 3556 1
1114 3503 1328 3576 superscriptum.
1362 3503 1435 3558 Vera

193 3590 281 3645 neque
298 3582 390 3626 tamen
407 3573 498 3627 abesse
535 3589 594 3626 osse
611 3571 772 3625 tradiderim.
831 3591 885 3627 vox
901 3571 1044 3626 exciderat

124 3671 127 3678 ·
228 3645 333 3714 tipnum
351 3645 441 3696 dutum
459 3659 502 3695 cre
521 3658 578 3694 eres
606 3640 701 3694 Posset
715 3639 797 3711 expli·
867 3640 1435 3710 s.1tt.terrttus,qm]0misirtterandn

195 3712 249 3766 cari
268 3712 340 3782 quod
360 3709 424 3764 olim
442 3719 505 3763 ante
523 3709 551 3763 M
590 3709 643 3763 ium
660 3709 796 3775 edebatur,
832 3725 935 3774 nomen,
964 3710 1027 3780 quia
1053 3711 1129 3762 abest
1155 3709 1189 3762 sb
1222 3709 1330 3780 optimis
1361 3708 1434 3762 libris

195 3781 321 3852 quodque
338 3779 365 3832 in
383 3777 515 3833 codicibus
533 3777 665 3849 plerisque
677 3777 796 3832 omnibus
831 3777 1096 3850 (itemqucaFlor.C
1115 3778 1193 3830 Voss.
1203 3784 1277 3845 2),et
1286 3787 1375 3848 potest
1383 3795 1431 3832 eo·

193 3859 250 3915 est,
277 3850 354 3918 sipno
376 3851 453 3914 dato,
476 3865 568 3900 verum
586 3846 663 3968 loqqe
681 3855 797 3919 praestat
831 3847 960 3917 gitatione
970 3845 1094 3928 suppleri.
1105 3846 1214 3900 Videtd
1222 3853 1298 3914 v,10.
1320 3848 1436 3901 Statuit·

194 3917 321 3973 lllodisua
344 3917 438 3984 lectio,
466 3932 535 3986 quac
563 3915 590 3968 iu
651 3933 688 3969 or.
715 3920 741 3968 Δ
769 3923 797 3968 ct
831 3915 1312 3987 setinoptimrslegituraopraeterea
1330 3915 1436 3969 inFlor.

194 3988 276 4042 Bern.
299 3987 325 4038 A
350 3986 430 4052 (addo
456 3985 530 4038 Leid.
555 3984 631 4038 Voss.
656 3987 684 4052 1)
714 3991 744 4037 et
770 3983 796 4036 in
832 3985 871 4039 G:
889 4000 922 4038 ex
941 3985 991 4040 boc
1008 3993 1055 4037 sut
1072 3984 1148 4036 buius
1170 3983 1248 4038 simili
1266 3984 1293 4037 in
1310 3985 1373 4037 cdd.
1390 4000 1436 4036 re-

194 4073 277 4126 marg.
296 4054 355 4106 Iun.
373 4061 457 4108 extat.
475 4057 507 4106 In
525 4052 631 4107 FleaG
647 4056 723 4124 ripae
737 4056 797 4106 dato
832 4055 888 4120 nit,
907 4072 967 4106 num
984 4052 1077 4124 reliqui
1096 4053 1180 4106 nostri
1197 4062 1227 4106 et
1243 4052 1301 4106 Pu.
1322 4060 1334 4106 1
1356 4052 1436 4105 Voss.

194 4143 229 4179 cx
246 4135 359 4190 correct.
379 4123 484 4190 legitur.
836 4129 851 4175 2
875 4140 935 4175 cum
966 4121 1124 4174 detrimento
1152 4120 1306 4174 Latinitatis
1337 4121 1437 4175 hubent

230 4197 253 4263 5.
275 4199 314 4246 rt.
351 4193 488 4244 (lentitiam
511 4209 575 4244 senc
593 4193 687 4313 mmai
713 4191 803 4244 Denu·
836 4193 934 4244 statuit.
987 4191 1019 4243 In
1045 4189 1136 4243 iisdem
1163 4189 1236 4243 libris
1263 4189 1437 4244 deterioribus

195 4265 275 4328 rium,
294 4259 439 4340 legitimam
457 4260 577 4327 sunnam,
595 4259 656 4314 libri
689 4260 800 4313 uskcnb.
831 4270 1000 4330 praeterere
1034 4261 1128 4312 ianm.

196 4341 225 4385 ct
243 4339 327 4383 nostra
342 4345 432 4382 omnes
449 4329 584 4395 exhibent,
604 4336 709 4400 praeter
722 4347 802 4382 unum
871 4332 894 4397 §-
912 4337 954 4382 21.
990 4329 1006 4381 I
1026 4330 1037 4380 i
1065 4330 1140 4381 modu
1170 4357 1206 4371 -
1229 4331 1436 4408 praepararent}

196 4401 268 4455 Flor.
295 4397 321 4451 G
349 4391 380 4450 R
403 4415 457 4468 quo
483 4400 651 4452 deteriorum
672 4405 713 4451 est
736 4397 804 4452 sicut
836 4399 918 4451 Modo
936 4397 985 4450 scri
1006 4405 1062 4449 tum
1080 4396 1132 4449 fuit
1148 4397 1176 4450 iu
1193 4397 1257 4449 adrt.
1276 4396 1361 4466 princ.
1380 4397 1437 4449 lun.

196 4470 277 4540 vulgo
297 4467 390 4538 (etiam
407 4483 424 4519 a
441 4467 545 4534 Medio)
569 4466 664 4520 editur.
701 4467 803 4520 Deinde
837 4467 925 4534 Mod,
944 4466 978 4519 Al
998 4466 1055 4520 inus
1079 4466 1166 4521 editor
1183 4467 1293 4520 dederet
1311 4483 1378 4533 wo,
1396 4481 1439 4518 re·
