3336 5066
194 254 265 334 186
463 355 467 360 .
588 307 593 316 ·
657 279 691 342 Q.
719 207 844 332 cmm
868 217 954 332 surr

141 465 190 534 14
292 457 359 530 His
392 461 557 560 captivus
589 465 763 564 expositis
795 463 1037 562 interrogatus
1072 454 1101 536 a'
1125 491 1226 564 rege,
1261 465 1434 541 auditune
1452 482 1486 532 ¹⁰

190 595 237 640 an
263 569 375 642 oculis
401 585 586 672 comperta
611 576 762 650 haberet
788 601 880 672 quae
906 573 1051 662 diceret,
1065 587 1248 670 pastorem
1262 603 1302 650 se
1314 579 1435 668 firisse,

189 690 228 752 et
253 703 377 754 omnes
404 708 465 758 eas
492 679 606 758 calles
626 688 854 784 percurrisse,
881 682 1083 784 respondit:
1117 685 1172 757 bis
1198 697 1354 782 captum,
1381 712 1435 762 se·

189 792 262 864 mel
287 816 309 863 a
335 791 455 868 Persis
481 797 517 868 in
544 795 663 893 Lycia,
690 798 819 870 iterum
845 798 891 869 ab
917 797 1007 894 ipso.
1056 791 1174 869 Subiit
1198 795 1356 868 animum
1381 823 1435 870 re·
1454 815 1486 864 ιι

189 903 244 1002 gis
276 907 449 984 memoria
481 906 625 977 oraculo
658 905 775 978 editae
814 908 938 978 sortis:
982 907 1114 1005 quippe
1149 908 1349 981 consulenti
1381 931 1435 979 re·

190 1038 364 1112 sponsum
405 1025 499 1104 erat,
537 1015 664 1086 ducem
701 1017 739 1086 in
769 1013 956 1087 Persidem
992 1017 1138 1090 serentis
1171 1020 1251 1092 viae
1284 1017 1437 1118 Lycium

189 1125 305 1197 civem
330 1123 417 1195 fore.
457 1121 571 1220 Igitur
597 1124 791 1221 promissis,
818 1135 954 1220 quanta
978 1137 1017 1199 et
1042 1150 1212 1223 praesens
1239 1130 1436 1202 necessitas
1455 1144 1489 1193 ιι

189 1232 368 1330 exigebat,
395 1245 433 1307 et
458 1235 569 1332 ipsius
595 1235 741 1322 fortune
766 1236 940 1334 capiebat,
966 1245 1166 1326 oneratum,
1180 1239 1310 1310 armari
1337 1239 1438 1311 iubet

190 1341 430 1416 Macedonum
455 1371 575 1436 more,
603 1357 655 1436 et,
682 1346 779 1443 quod
805 1347 898 1420 bene
924 1358 1093 1438 verteret,
1119 1359 1322 1422 monstrare
1347 1349 1436 1420 iter:

189 1455 353 1552 quamvis
380 1455 533 1530 arduum
559 1467 597 1531 et
621 1482 811 1558 praeceps,
845 1481 1045 1530 evasurum·
1070 1483 1110 1532 se
1136 1483 1217 1532 esse
1242 1483 1324 1530 cum
1351 1483 1437 1556 pau·

189 1566 251 1658 cis,
278 1566 346 1640 nisi
373 1567 466 1640 forte
492 1567 665 1657 crederet,
692 1592 764 1664 qua
788 1567 866 1664 ipse
899 1569 1039 1666 pecoris
1075 1594 1185 1643 causa
1218 1570 1322 1658 isset,
1354 1569 1438 1641 Ale-

189 1677 370 1750 xandrum
396 1702 462 1773 pro
488 1678 604 1775 gloria
615 1689 653 1750 et
665 1687 840 1774 perpetua
865 1675 971 1749 laude
996 1677 1049 1750 ire
1074 1703 1148 1751 non
1174 1704 1290 1776 posse
1317 1678 1438 1752 Etiam
1457 1697 1489 1747 1s

96 1875 101 1892 ³
190 1797 299 1884 atque
325 1787 434 1861 etiam
459 1784 589 1860 docere
614 1786 791 1883 captivus,
818 1811 925 1883 quam
951 1785 1094 1861 difficile
1121 1790 1190 1862 iter
1215 1801 1331 1880 esset,
1362 1815 1436 1862 ma-

67 1985 73 1996 ·
188 1900 286 1972 xime
311 1899 469 1978 ermetis.
523 1896 615 1971 Tum
641 1921 718 1986 rex,
743 1896 921 1990 Ibam,
946 1898 1081 1994 inquit,
1107 1925 1161 1974 me
1185 1901 1310 1998 canpe,
1334 1901 1438 1974 nemi·

189 2033 267 2084 nem
291 2033 420 2100 emunt,
455 2009 737 2108 quiseq'uwttur,
762 2009 1069 2084 recommonet
1094 2037 1163 2112 qua
1187 2011 1298 2085 daces
1353 2009 1492 2084 Cra-14

189 2133 270 2194 tero
295 2119 420 2216 igitur,
455 2117 501 2192 ad
528 2119 729 2192 custodiam
760 2129 961 2192 castrorum
985 2121 1111 2192 relicto
1138 2147 1220 2195 cum
1244 2121 1438 2219 peditibus,

190 2231 270 2329 quis
304 2241 530 2318 assueverat,
564 2240 601 2301 et
635 2230 678 2301 iis
711 2229 837 2325 copiis,
869 2253 959 2325 quas
984 2228 1166 2329 Meleager
1199 2229 1375 2322 ducebat,
1402 2243 1440 2306 et

186 2340 385 2440 ,sagittariis
412 2341 590 2436 equitibus
616 2362 661 2430 ιι,
694 2338 885 2436 praecipit,
917 2351 959 2412 ut
985 2351 1188 2414 castrorum
1219 2341 1339 2440 specie
1364 2368 1437 2415 ma·

188 2463 314 2544 nante,
348 2451 469 2550 plures
502 2449 549 2522 de
574 2449 751 2522 industria
783 2450 885 2546 ignes
917 2451 993 2522 fieri
1018 2450 1189 2548 imperet,
1222 2478 1295 2550 quo
1320 2454 1437 2554 magis

225 2659 292 2729 cap.
312 2665 353 2724 14,
373 2659 793 2728 §.10.tiscoptiousezporitisl
829 2657 1004 2728 complurium
1025 2663 1169 2728 promissis
1203 2691 1237 2700 -
1273 2664 1436 2716 honorumue.

187 2725 249 2780 Hoc
258 2724 333 2806 quasi
350 2725 471 2796 legitimo
488 2727 675 2779 ordinererba
692 2725 795 2779 codices
828 2725 958 2779 Mendum
975 2735 1017 2778 est
1035 2737 1063 2779 et
1080 2728 1192 2797 vulgare
1211 2728 1327 2798 quidem.

186 2802 274 2849 noatrr
290 2810 381 2846 omnes
398 2803 427 2847 et
444 2793 489 2846 alii
506 2794 568 2847 oiim
593 2793 691 2847 collati.
727 2793 794 2845 Vul-
863 2795 886 2860 §.
913 2801 953 2848 12.
997 2806 1146 2848 mostrore
1177 2797 1228 2848 iter
1262 2796 1438 2853 Frcimhemii

223 2871 280 2915 tum
301 2863 342 2914 tis
370 2864 494 2930 expositis
518 2864 635 2932 captivus
652 2862 795 2915 induxerat
827 2862 1005 2916 coniecturam
1014 2871 1119 2916 secutus
1137 2863 1208 2928 dedi,
1227 2881 1288 2917 nam
1305 2879 1437 2920 monsta-

202 2930 287 2984 uniua
827 2939 880 2995 ret,
906 2930 980 3002 quod
1001 2930 1101 3000 legitur
1126 2931 1250 2986 inlibris
1271 2941 1300 2986 et
1321 2952 1383 2988 mae
1407 2943 1440 2989 et

186 3009 246 3122 '100‘ss
263 3015 431 3119 tm?
453 3000 538 3121 iti-‘⁸
578 2999 662 3120 m³⁰a⁰
678 3015 794 3121 didi
827 2996 915 3118 iit?
930 2998 961 3120 t
977 2998 1047 3138 tt
1063 2999 1288 3120 mitiim
1300 3003 1436 3124 ἶῗιίῗὲ

186 3134 261 3188 Leid.
279 3085 338 3188 aliig
342 3140 481 3204 praeterea
500 3135 564 3188 olim
581 3107 673 3190 cellati
691 3107 793 3188 semini·
827 3085 953 3187 BernpA
969 3134 993 3186 F
993 3107 1049 3188 lor..
1061 3084 1142 3200 qun.
1161 3153 1215 3205 qua
1231 3085 1362 3208 dc'iipturn
1379 3156 1436 3192 nou

186 3221 249 3256 num
290 3219 355 3256 enus
379 3201 436 3256 voci
460 3202 607 3258 vindicant:
633 3202 714 3272 vulgo
741 3219 793 3256 ecs.
827 3202 940 3255 multum
962 3202 1020 3256 abit
1045 3202 1117 3256 Flor.
1140 3205 1165 3254 Δ
1192 3207 1255 3272 qnia
1274 3215 1302 3256 et
1319 3206 1435 3259 Flor.B

186 3271 229 3326 cf.
300 3271 358 3324 libr.
377 3285 424 3337 ιιι,
443 3287 465 3324 c
484 3278 526 3324 25.
562 3273 598 3324 Et
615 3271 749 3326 omittitur
766 3270 793 3323 in
827 3288 913 3338 quum.
932 3270 1032 3339 Agitur
1048 3271 1140 3341 utique
1158 3271 1192 3323 de
1204 3272 1305 3326 itineris
1319 3275 1434 3342 udone,

185 3339 257 3393 Flcr.
273 3338 346 3404 DFI,
365 3349 388 3391 et
406 3357 449 3392 eos
467 3357 554 3392 omnes
572 3340 653 3393 babet
671 3339 693 3391 F
695 3339 742 3392 lor.
758 3337 792 3392 G.
828 3355 882 3390 nou
899 3339 933 3390 ds
951 3337 1010 3391 leco
1028 3355 1080 3408 quo
1097 3339 1304 3409 perveniendum
1321 3351 1389 3395 erat.

220 3411 244 3476 §.
265 3415 304 3460 11.
336 3408 416 3459 subiit
433 3409 549 3461 animum
567 3411 638 3477 repis
656 3409 790 3476 memor-ia]
860 3407 884 3472 §-
904 3414 944 3460 1³.
974 3409 1115 3474 praedem,
1133 3409 1242 3475 nequit,
1273 3427 1314 3461 me
1343 3412 1434 3480 acerbe

123 3505 128 3512 ·
185 3475 285 3529 Facere
311 3492 363 3528 non
389 3474 467 3544 potui
497 3475 562 3546 quin
588 3495 638 3556 pro
664 3475 792 3545 impedita
827 3490 917 3527 omnes
935 3473 996 3526 libri
1013 3474 1065 3526 mei
1082 3483 1111 3526 et
1128 3473 1202 3527 Leid.
1221 3475 1333 3543 Vosal,
1353 3479 1435 3548 vulgo

185 3544 326 3596 verborum
344 3550 490 3610 structura,
509 3561 576 3614 quae
593 3563 621 3597 m
639 3543 719 3613 vulgo
736 3543 792 3596 edi-
820 3545 948 3612 praedem
962 3559 1001 3594 me
1016 3544 1101 3609 inquit
1115 3541 1319 3596 alioverborum
1329 3545 1431 3602 ordine.

184 3611 221 3664 tis
238 3619 280 3663 est
296 3611 365 3663 sebit
383 3613 499 3664 animum
516 3614 640 3666 memor-in
654 3614 735 3679 repis,
749 3628 791 3664 re·
862 3612 884 3676 §.
906 3617 945 3662 14.
977 3612 1110 3678 proserpit
1136 3619 1165 3661 ut
1187 3642 1222 3651 -
1239 3613 1365 3679 imperet,
1384 3631 1435 3683 quo

184 3678 397 3801 natent
419 3679 792 3802 tetenstete
826 3752 972 3798 „t
982 3676 1179 3744 ¹¹
1195 3678 1435 3803 steten:

184 3785 346 3886 quamquam
364 3813 391 3866 in
409 3815 458 3868 hae
475 3789 504 3869 et
522 3816 593 3870 Flor.
616 3815 639 3868 F
661 3817 732 3868 subit
753 3787 791 3866 le:
821 3813 957 3882 praecepit
973 3782 1015 3888 ⁸3-
1042 3813 1148 3878 imperet
1167 3763 1360 3868 ferreum.
1396 3791 1435 3871 Et

184 3883 266 3953 gitur.
293 3881 373 3944 Quod
391 3883 418 3935 in
435 3884 500 3938 edit
519 3883 661 3938 Basileensi
680 3900 704 3935 a.
724 3889 790 3936 loto
826 3881 933 3932 medon!
956 3879 1067 3994 'guidem
1089 3879 1207 3958 empium
1225 3881 1352 3934 librorum
1370 3903 1435 3938 con-

184 3958 228 4004 est
252 3951 321 4004 arbit
345 3952 416 4018 repis
439 3955 556 4006 animum
578 3953 700 4018 manans
717 3950 791 4004 nullo
825 3963 903 4000 sensu
920 3944 963 3998 edi
983 3962 1000 4008 ι,
1014 3957 1148 4014 praecipit
1160 3956 1249 4000 autem
1259 3948 1349 4003 invitis
1359 3953 1434 4007 libris

185 4018 259 4072 libre·
281 4035 328 4070 ms.
352 4017 480 4072 firmatur.
516 4021 583 4074 Mox
595 4019 738 4090 promissis
756 4047 791 4060 -—
825 4030 886 4067 mss.
903 4027 938 4064 ex
956 4029 1009 4089 pno
1026 4011 1097 4064 Flor.
1116 4013 1141 4064 E
1158 4023 1187 4067 et
1204 4015 1367 4072 editionibus
1385 4039 1433 4074 nn-

184 4096 337 4148 onernmm,
366 4088 438 4154 quod
463 4097 492 4142 et
517 4087 622 4141 ratione
640 4103 731 4139 verum
748 4093 790 4138 est
825 4079 1153 4156 tiquisscnbeudumltbit,
1170 4089 1434 4159 yemntamenunius

184 4163 214 4207 et
239 4153 296 4205 usui
326 4152 449 4222 loquendi
473 4155 603 4209 Cur-tiano
632 4153 790 4208 conveniens
825 4150 917 4202 literae
944 4154 1104 4212 permutatio
1127 4148 1229 4202 facilior
1250 4151 1433 4210 videturesse

185 4221 251 4292 (rid.
269 4235 304 4286 v,
322 4227 365 4274 tt.
383 4235 444 4286 vn,
465 4229 529 4288 18),
553 4241 629 4276 nemo
646 4220 790 4274 mutaverit
844 4231 910 4290 uaru-
930 4211 1031 4289 syllaba
1057 4221 1105 4266 aut
1127 4215 1237 4294 dempta
1253 4228 1301 4270 aut
1319 4222 1432 4278 adiecta.

184 4289 444 4412 spnptussaquunpis
452 4287 790 4411 iinmffssoedffiuml‘ei‘i
825 4281 943 4403 afflig?
958 4294 1179 4414 gffipraoepu
1196 4314 1231 4323 -
1248 4288 1434 4354 impetur-et—

211 4375 263 4411 oss.
310 4373 366 4410 ern.
485 4377 523 4412 or.
662 4373 757 4423 orumq
