3260 5042
112 3513 118 3522 ’
210 3509 290 3563 kenb.
317 3508 351 3560 ad

217 337 267 406 44
342 307 344 312 “
687 343 720 406 Q.
749 338 872 394 cunrn
898 339 983 392 auru

216 529 402 629 quebatur,
428 523 586 623 opimum
612 523 720 600 decus
745 535 849 599 caeso
862 535 959 622 'rege
985 530 1170 619 expetens.
1217 515 1357 615 Quippe
1382 518 1455 594 Da·

215 661 299 711 rcus
325 660 432 710 curru
458 635 617 710 sublimis
644 635 841 722 eminebat,
880 643 918 706 et
950 633 1023 705 suis
1049 631 1098 704 ad
1122 655 1161 705 se
1188 627 1377 717 tuendum,
1416 641 1456 700 et

215 746 379 822 hostibus
405 745 454 820 ad
478 740 726 819 incessendum
751 744 875 837 ingens
892 741 1180 813 incitamentum.
1219 738 1317 836 Ergo
1342 740 1492 813 fraters

215 857 292 931 eius
307 855 500 944 Oxathres,
528 878 608 925 cum
628 849 875 923 Alexandrum
900 851 1033 920 instare
1058 848 1092 918 ei
1106 859 1279 935 cerneret,
1305 852 1455 943 equites,

215 967 347 1065 quibus·
370 973 544 1064 praeerat,
569 969 652 1030 ante
678 958 793 1054 ipsum
819 981 963 1030 currum
988 955 1081 1053 regis
1107 955 1256 1042 obiecit,
1282 959 1389 1028 amris
1417 969 1457 1028 et

213 1077 344 1149 robore
364 1071 529 1168 'corporis
555 1068 706 1138 multum
732 1091 840 1166 super
865 1081 1003 1142 ceteros
1025 1067 1194 1154 eminens,
1221 1065 1340 1138 animo
1366 1090 1455 1138 vero

215 1195 253 1258 et
271 1185 410 1280 'pietate
436 1181 473 1252 in
498 1176 726 1277 paucissimis.
791 1176 855 1250 Illo
880 1179 1005 1274 utique
1031 1177 1166 1273 proelio
1193 1177 1327 1266 clarus,
1366 1177 1456 1250 alios

214 1288 414 1388 improvide
439 1291 617 1362 instantes
645 1289 854 1386 prostravit,
893 1287 981 1358 alios
1006 1286 1042 1356 in
1068 1286 1191 1380 fugam
1216 1287 1357 1356 avertit
1402 1287 1493 1358 Ata

214 1399 439 1490 Macedones,
467 1399 576 1500 (circa
594 1423 715 1496 regem
728 1395 856 1491 erant)
882 1404 1008 1466 mutua
1033 1391 1286 1466 adhortatione
1311 1395 1455 1484 firmati,
1525 1401 1530 1412 “

216 1535 297 1584 cum
322 1511 402 1610 ipso
427 1511 463 1582 in
490 1510 649 1606 equitum
674 1529 802 1602 agmen
828 1504 1038 1600 inumpunt.
1096 1501 1190 1575 Tum
1214 1527 1303 1576 vero
1330 1503 1455 1576 similis

213 1621 338 1693 ruinae
364 1629 503 1716 strages
530 1629 616 1692 erat.
644 1613 746 1687 Circa
765 1639 909 1687 currum
920 1612 1219 1686 Darei·iacebant
1245 1611 1454 1686 nobilissimi

215 1729 344 1818 duces,
383 1739 468 1800 ante
495 1725 616 1798 oculos
642 1725 735 1822 regis
762 1722 904 1822 egregia
929 1731 1044 1794 morte
1071 1721 1239 1812 defuncti,
1265 1747 1390 1795 omnes
1416 1725 1454 1795 in

107 1923 110 1930 ,
214 1863 279 1912 ora
303 1835 426 1934 proni,
452 1835 545 1908 sicut
570 1832 777 1908 dimicantes
802 1832 1086 1933 procubuerant,
1121 1830 1277 1905 adverso
1302 1857 1454 1930 corpore

138 1939 144 1945 ¹
213 1945 421 2020 vulneribus
447 1944 612 2042 acceptis.
663 1943 762 2017 Inter
785 1943 852 2017 hos
878 1943 1037 2041 Atizyes,
1064 1953 1103 2014 et
1128 1941 1389 2033 Rheomithres,
1416 1954 1515 2016 etro

214 2053 359 2129 Sabaces
394 2065 540 2152 praetor
564 2053 741 2152 Aegypti,
772 2077 984 2150 magnorum
1016 2051 1240 2124 exercituum
1270 2054 1453 2149 praelecti,

139 2221 143 2228 ,
211 2164 501 2239 noscitabantur:
528 2163 621 2236 circa
645 2187 706 2236 eos
726 2164 906 2236 cumulata
927 2172 1009 2245 erat
1033 2160 1197 2258 peditum
1222 2163 1453 2258 equitumque

152 2301 160 2313 ¹
213 2275 399 2349 obscurior
437 2274 554 2347 turba
618 2270 854 2347 Macedonum
887 2295 1028 2368 quoque
1061 2297 1135 2344 non
1168 2271 1312 2370 quidem
1338 2271 1452 2360 multi,

212 2384 278 2478 sed
303 2383 558 2483 promptissimi
592 2393 712 2455 tamen
746 2382 839 2454 caesi
871 2391 970 2455 sunt:
1009 2382 1103 2454 inter
1135 2407 1225 2479 quos
1251 2380 1451 2456 Alexandri

195 2494 382 2568 dextrum
407 2494 523 2566 femur
548 2491 674 2564 leviter
699 2515 869 2565 mucrone
899 2492 1129 2587 perstrictum
1161 2503 1226 2566 est.
1303 2489 1458 2588 lamque
1473 2511 1511 2559 11

117 2613 120 2620 ’
212 2605 272 2701 qui
285 2602 443 2676 Dareum
456 2601 638 2674 vehebant
658 2603 747 2698 equi,
773 2601 927 2674 confossi
948 2601 1059 2674 hastis
1087 2612 1124 2674 et
1150 2600 1274 2675 dolore
1300 2601 1449 2689 efferati,

211 2705 335 2810 iugum
366 2721 514 2807 quatere
545 2720 582 2784 et
615 2736 737 2808 regem
770 2737 876 2784 curru
915 2721 1083 2786 excutere
1121 2719 1329 2809 coeperant:
1342 2791 1354 2802 ..
1369 2735 1451 2782 cum

209 2823 288 2912 ille,
304 2820 441 2894 veritus
466 2843 513 2892 ne
539 2821 642 2892 vivus
668 2821 808 2893 veniret
831 2821 869 2891 in
895 2819 1051 2892 hostium
1068 2831 1294 2917 potestatem,
1322 2818 1450 2910 desilit,

128 2983 130 2990 ψ
211 2931 311 3006 etin
338 2954 480 3025 equum,
507 2929 569 3024 qui
594 2927 641 3001 ad
665 2929 734 3000 hoc
758 2929 877 3028 ipsum
902 2931 1134 3026 sequebatur,
1159 2930 1372 3027 imponitur:
1398 2930 1450 3002 in·

210 3039 369 3138 signibus
396 3043 537 3136 quoque
564 3036 717 3135 imperii,
743 3062 788 3110 ne
814 3039 935 3135 sugam
960 3036 1171 3136 proderent,
1196 3036 1364 3112 indecore
1389 3037 1449 3126 ab·

210 3241 294 3292 verat.
342 3235 413 3290 Nam
438 3236 534 3306 reliqui
560 3235 619 3290 libri
645 3234 696 3287 mei
721 3251 811 3288 omnes
847 3243 875 3289 et
892 3234 1055 3304 Diodorum}
1074 3235 1195 3291 Curtiani
1213 3237 1273 3292 libri
1291 3238 1347 3292 fere
1366 3239 1450 3291 Thro-

210 3305 290 3376 paulo
307 3305 433 3358 rariorem
457 3306 568 3357 somnam
591 3310 736 3357 servarimt.
771 3303 811 3356 Cf.
847 3305 941 3371 imiter,
975 3305 1098 3358 Bem.B
1126 3305 1197 3359 Flor.
1220 3307 1248 3359 H
1277 3307 1450 3374 lhmoamoe,

211 3373 333 3444 Append.
351 3387 391 3438 vr,
402 3377 494 3438 aaut.
512 3372 631 3424 Eandem
648 3369 813 3424 librariorum
846 3370 909 3424 edit.
928 3389 967 3440 pr.
990 3373 1125 3426 Trouatea.

211 3440 343 3495 licentiam
367 3440 439 3560 alpad
456 3438 560 3492 Livium
577 3438 726 3493 observavit
742 3437 812 3492 Dra·
882 3440 992 3492 Sataces
1010 3439 1129 3511 plerique
1146 3439 1314 3509 omucslibri,
1334 3443 1449 3494 Sacaces

396 3508 422 3560 b.
448 3521 551 3574 xxxvi,
573 3513 614 3560 31.
648 3507 675 3558 A
693 3507 729 3558 ud
755 3505 811 3561 cio.
845 3506 959 3560 BernB
977 3507 1094 3576 Flor.H,
1111 3509 1200 3561 nullus
1217 3509 1309 3562 saltem
1322 3510 1449 3574 Sabaces,

209 3575 389 3646 ulnamqucin
399 3575 447 3628 hac
456 3574 645 3644 significatione
658 3525 810 3640 obuiorum,
847 3591 899 3644 quo
931 3575 1036 3628 nomina
1068 3577 1210 3629 secuudum
1235 3576 1341 3629 Arrian.
1368 3575 1449 3646 vulgo

209 3643 466 3698 irreiteradonorum
480 3641 809 3713 sempormuaeradieitur.
845 3640 1007 3712 appellatur,
1035 3660 1096 3697 cum
1121 3644 1192 3716 apud
1208 3643 1318 3698 Diodor.
1337 3643 1373 3698 sit
1393 3648 1448 3694 Τα-

244 3714 268 3780 ς.
287 3717 311 3764 9.
329 3713 400 3764 circa
419 3728 504 3780 repam
523 3721 598 3764 eram
641 3707 810 3766 Ἀσυνδέτως
845 3711 948 3773 occisas.

209 3777 380 3850 explicandae
405 3777 445 3830 rei
471 3795 548 3832 causa
607 3778 703 3830 iectrun
729 3785 810 3848 putat
879 3781 902 3847 §-
923 3785 962 3830 11.
1012 3779 1041 3830 ui
1057 3781 1095 3832 ad
1111 3779 1159 3832 hoc
1176 3781 1187 3830 i
1204 3795 1262 3832 swa
1279 3780 1435 3850 sequebatur

209 3864 271 3900 nam
288 3846 360 3917 quod
376 3845 457 3964 vulgo
475 3846 573 3926 legitur
589 3856 617 3899 ut
635 3848 705 3924 circa
724 3862 810 3914 repam
845 3845 935 3914 [psum
961 3794 1102 3924 addidicit
1125 3797 1203 3900 codd
1227 3847 1292 3900 meis
1319 3845 1449 3902 omnibus.

210 3923 285 3968 nant
303 3929 352 3966 nec
368 3921 460 3982 expet
477 3930 580 3966 sensum
597 3930 646 3966 nec
663 3913 714 3965 aha
727 3912 810 3965 veteri
844 3912 920 3966 Solet
938 3911 1046 3966 Curtius
1064 3915 1135 3966 nuda
1171 3915 1309 3968 ronomina
1334 3918 1373 3967 nd
1389 3917 1446 3980 boc,

210 3981 370 4034 auctoritate
387 3981 508 4034 firmatur
525 3999 603 4052 quam
616 3981 686 4034 Flor.
697 3981 731 4032 D.
750 3979 810 4033 Mo·
844 3982 875 4033 ob
892 3982 923 4034 id
939 3980 988 4033 hac
1004 3981 1107 4034 ratione
1124 3931 1224 4048 fulcire,
1243 3989 1274 4035 ut
1292 3997 1332 4056 ιγ,
1352 3989 1384 4036 12
1403 3985 1447 4050 de-

209 4049 262 4103 lam
279 4045 401 4102 similium
418 4049 597 4118 exemplorum
616 4048 674 4100 ride
689 4048 810 4102 collatam
844 4049 940 4101 siluere
957 4051 986 4101 in
1003 4052 1125 4116 scaphas,
1156 4065 1223 4118 quae
1240 4053 1342 4103 adhoc
1359 4051 1446 4119 ἰρευπι

210 4115 379 4171 aDralrenb.
398 4117 432 4168 ad
449 4115 506 4168 Liv.
525 4131 573 4181 xa,
592 4123 634 4169 57.
839 4127 1019 4186 praeparatae
1029 4119 1210 4194 sequebantur,
1228 4117 1274 4169 sed
1283 4118 1309 4170 h.
1319 4118 1337 4170 l.
1347 4125 1446 4170 certem

227 4185 319 4253 ='§'.*10.
338 4185 456 4252 Atizyes]
477 4183 585 4236 Plurimi
604 4185 679 4236 codd.
699 4185 809 4250 Atisim,
844 4200 948 4236 causam
967 4183 1066 4235 consilii
1084 4184 1247 4254 exprimendi
1265 4185 1445 4249 habuithanc,

209 4251 281 4306 Flo'r.
299 4252 326 4303 A
342 4251 423 4304 Bern.
443 4253 469 4303 A
488 4269 547 4303 cum
564 4251 636 4304 Leid.
654 4261 683 4304 ct
700 4251 775 4305 Voss.
796 4259 806 4304 1
845 4251 916 4320 quod
941 4266 1010 4319 equa
1034 4259 1093 4303 crat
1119 4252 1221 4305 delecta
1259 4269 1328 4332 quaa
1353 4269 1446 4304 recens

210 4322 247 4374 Aa
281 4319 318 4372 ies
346 4318 474 4371 Arrianus
487 4318 618 4383 Ἀτιζύης.
844 4325 991 4387 pepererat,
1011 4333 1063 4384 quo
1073 4318 1150 4372 citius
1160 4293 1287 4373 desiderio
1296 4319 1363 4389 pulli
1372 4327 1447 4372 mota

243 4337 431 4454 llleomitlrres]
450 4387 519 4452 idem
537 4397 577 4440 est
591 4385 661 4456 apud
670 4386 810 4439 Ari-iamim
844 4401 933 4455 regem
951 4384 1012 4454 fuga
1029 4387 1151 4440 aulenet.
1197 4387 1257 4442 lloc
1274 4387 1392 4440 Freinsh.
1411 4401 1445 4439 ex

312 4524 318 4534 ι
