3260 5042
235 309 296 416 :pe
739 329 959 393 furnario.

235 527 312 600 iure
347 533 512 598 vetustae
548 525 780 624 possessionis
815 523 979 611 dubitare
1015 525 1152 624 coepit,
1200 523 1307 598 venia
1341 521 1473 612 danda,

236 650 334 748 quod
373 651 450 725 aliis
476 627 657 740 'subsidiis
699 652 890 728 destitutus
933 677 1067 726 novam
1089 651 1325 730 emendandi
1365 651 1473 742 viam,

238 803 346 876 quam
370 779 518 856 feliciter
545 783 740 874 invenerat,
764 806 839 852 non
864 789 1008 853 secutus
1035 790 1091 852 cst
1116 789 1333 854 constanter.
1380 777 1475 852 Nam

237 907 274 980 in
300 907 368 982 hac
394 885 595 982 litterarum
624 917 726 1004 parte
758 929 839 978 cum
870 905 957 976 nihil
990 906 1083 976 tanti
1115 906 1163 978 sit
1198 933 1306 1002 quam
1323 909 1397 980 .via
1431 931 1476 980 ac

237 1037 377 1110 ratione
403 1033 617 1134 procedere,
643 1055 750 1128 saepe
774 1033 816 1102 lit
842 1041 883 1104 ut
908 1029 1135 1106 deverticulis
1162 1031 1379 1108 circumduci
1392 1060 1475 1130 ,nos

237 1163 433 1262 patiamur,
467 1184 535 1234 nec
560 1159 633 1238 nisi
665 1168 749 1257 post
778 1159 909 1232 multos
941 1183 1080 1232 errores
1106 1168 1243 1234 rectam
1269 1162 1366 1234 viam
1391 1187 1475 1236 con·

238 1311 444 1388 sequemur.
465 1363 469 1382 ,

342 1411 515 1514 Superest
540 1413 653 1506 ntde
677 1415 755 1513 ipso
781 1416 972 1514 scriptore,
1000 1416 1078 1513 quis
1104 1416 1231 1508 firerit,
1258 1441 1333 1513 qua.
1354 1427 1476 1490 aetate

238 1543 390 1634 vixerit,
411 1544 535 1641 [quale.
571 1567 661 1642 opus
694 1541 919 1634 condiderit„
956 1541 1148 1617 dicendum
1183 1569 1269 1620 esse.
1298 1543 1475 1618 videatur.

239 1650 321 1758 Sed
339 1670 384 1745 de
408 1695 459 1756 aa,
480 1696 520 1768 re
544 1695 619 1744 non
644 1666 802 1742 adducor
828 1679 875 1742 'nt
900 1681 1062 1769 repetam
1094 1695 1196 1767 quae,
1220 1682 1306 1746 ante
1331 1671 1398 1744 hos
1423 1673 1477 1746 vi·

239 1771 334 1896 ginti'
362 1799 438 1884 fere
472 1821 586 1870 annos
620 1795 666 1885 in,
691 1796 909 1894 praefatione
947 1797 1076 1896 prioris
1112 1796 1286 1882 editionis
1313 1800 1475 1897 exposui.

239 1921 478 2022 Nec-‚mutari
511 1924 744 2016 sententiam,
769 1947 994 2022 quamquam
1027 1921 1208 2016 studiose,
1247 1936 1290 1999 ut
1321 1949 1478 2024 aequum

241 2041 926 2150 est,7,al,iorumhominum-.doctorum
955 2041 1116 2144 rationes
1131 2053 1291 2141 ‚interim
1316 2055 1476 2152 prolatas

236 2180 427 2281 ,expendia
440 2205 512 2270 nec
534 2190 654 2260 tamen
668 2180 748 2264 ,hae
758 2180 840 2253 -iere
861 2203 1125 2278 magnoperea
1136 2181 1242 2256 nobis
1256 2181 1476 2281 discrepant

131 2389 137 2398 .
232 2308 439 2404 ,Habebunt
462 2308 572 2407 igitur
596 2307 804 2404 latinuurm
827 2307 1028 2410 litterarum
1047 2306 1200 2385 studiosi
1220 2334 1313 2408 opus
1329 2336 1352 2384 a
1371 2311 1477 2386 libra

241 2438 376 2538 riorum
402 2437 632 2528 sordibuset
657 2433 861 2528 audacium,
887 2461 961 2511 non
987 2460 1070 2510 raro
1095 2437 1205 2510 etiam
1222 2438 1478 2538 ,imperitorum

243 2553 447 2662 criticorum
470 2567 622 2661 licentia,
645 2574 919 2664 per-prugatam,
954 2589 1063 2648 aureo
1095 2563 1300 2653 Latinitatis
1320 2568 1477 2642 sacculo

161 2767 167 2782 ,
241 2718 316 2784 non
347 2693 573 2794 indignum,¹
591 2704 629 2769 ct
646 2671 827 2777 ,historiae
864 2693 996 2766 veteris
1035 2685 1227 2768 discendae
1259 2695 1379 2794 cupidi
1412 2693 1479 2770 Gli-

243 2821 376 2912 tarchi,
414 2818 542 2896 Gracci
567 2822 748 2921 scriptoris
774 2822 857 2894 olim
884 2821 1068 2912 celebrati,
1103 2823 1206 2918 quasi
1237 2823 1476 2914 simulacrum,

241 2933 690 3047 „unde-vitammoresquc
716 2961 842 3034 atres¹
860 2962 982 3050 gestas
996 2949 1156 3040 ¹,mummi
1177 2952 1289 3051 regis
1302 2976 1384 3026 non.
1402 2951 1479 3046 sine

110 3180 112 3186 Ι
243 3079 364 3180 fructu
389 3089 428 3154 et
452 3077 688 3154 delectatione
714 3089 940 3180 cognoscant
972 3145 977 3152 .
1026 3133 1029 3142 ι

709 3363 1014 3372 ——-—-—-—--——-—-

154 3620 167 3631 ‘
304 3592 577 3678 ¹(Prooemium
614 3593 684 3668 hoc
710 3618 817 3684 cum,
854 3592 1020 3666 absoluta
1059 3591 1321 3690 propemodum
1355 3594 1480 3691 reliqui

244 3721 325 3810 libri
351 3713 601 3820 descriptione,
636 3746 728 3819 qnae
759 3722 855 3820 typis
871 3721 982 3800 lacta
1008 3729 1112 3810 esset,
1145 3729 1229 3794 ante
1248 3721 1382 3800 ¹decem
1406 3722 1480 3798 fere

244 3850 616 3942 mensesdictassem,
647 3861 821 3947 certoque
839 3873 1022 3948 sperarem
1046 3847 1226 3947 integrum
1252 3849 1393 3941 librum,
1421 3852 1480 3948 qni

244 3967 350 4062 nimis
383 3977 574 4064 diuintra
603 3980 762 4078 privatos
801 3978 955 4077 parietes
982 3977 1179 4068 latuisset,
1202 3977 1412 4077 propediem
1427 4057 1429 4062 ,
1443 3981 1479 4054 in

246 4107 430 4206 publicum
453 4105 691 4206 proditurum,
723 4133 803 4181 ecce
838 4131 935 4180 nova
967 4119 1010 4186 et,
1030 4105 1212 4203 insperata
1242 4107 1279 4178 in
1305 4108 1384 4206 ipso
1410 4111 1480 4183 fine

245 4259 348 4318 mora
372 4246 429 4309 est
453 4235 604 4320 obiecta
655 4235 796 4309 Accidit
821 4235 914 4308 enim
946 4244 1003 4324 ut,
1036 4257 1118 4305 cum
1151 4259 1328 4308 novarum
1361 4263 1480 4310 rerum

112 4431 115 4438 ι
235 4362 374 4454 minae,
399 4364 493 4438 inter
519 4389 608 4462 quas
627 4364 763 4437 wlibrum
788 4363 1066 4453 absolveremus,
1092 4363 1129 4435 in
1150 4375 1313 4462 apertam
1339 4365 1479 4454 seditio-

241 4503 593 4591 nemferumpcrent,
619 4517 731 4592 eaque
748 4493 847 4568 velut
871 4489 974 4565 tabes
1000 4515 1066 4590 per
1092 4516 1235 4566 omnem
1254 4489 1479 4568 Germaniam
