3324 5054
198 336 248 410 94
350 342 352 350 '
663 353 697 416 Q·
726 293 850 405 cnarn
876 353 961 406 aun

195 529 382 633 impetrari
405 559 512 633 posse
538 536 753 628 crediderat,
788 539 836 612 ad
866 538 1086 636 reparandas
1114 537 1208 610 vires
1234 535 1438 632 bellumque

196 638 348 743 impigre
380 648 627 720 renovandum
657 648 811 721 intendit
842 649 1009 719 animum.
1061 645 1180 718 Duces
1208 671 1295 744 ergo
1322 647 1472 744 copia-s

197 781 278 828 rum
303 755 539 856 Babyloniam
566 759 772 844 convenire,
799 755 951 827 Bessum
977 780 1134 851 quoque,
1166 753 1439 828 Bactrianorum

197 880 412 966 praetorem,
426 895 533 966 quam
559 866 717 938 maximo
743 875 868 960 posset
894 865 1054 936 exercitu
1073 875 1208 952 coacto,
1222 861 1441 935 descendere

197 979 245 1052 ad
271 1005 310 1054 se
336 980 446 1052 iubet.
491 973 583 1046 Sunt
609 984 730 1046 antem
748 972 926 1046 Bactriani
954 975 1046 1048 inter
1072 975 1150 1047 illas
1168 985 1295 1073 gentes
1323 993 1473 1071 prom-s

197 1091 369 1188 ptissimi‚
408 1082 562 1157 humidis
597 1083 767 1182 ingeniis,
808 1086 1031 1184 multumque
1067 1113 1090 1160 a
1123 1086 1316 1161 Persarum
1351 1084 1441 1156 luxu

198 1195 493 1270 abhorrentibus:
533 1194 590 1268 siti
631 1193 729 1268 haud
763 1197 889 1294 procul
923 1193 1140 1294 Scytharum
1174 1197 1442 1270 bellicosissima

198 1316 307 1404 gente
333 1316 371 1378 et
395 1317 500 1404 rapto
527 1307 650 1380 vivere
675 1319 821 1380 assueta
846 1331 987 1404 semper
1013 1307 1050 1377 in
1077 1307 1184 1378 annis
1211 1317 1324 1378 erant.
1368 1304 1476 1378 Sede

196 1413 331 1490 Bessus
369 1428 538 1516 suspecta
567 1417 735 1516 perfidia,
770 1415 869 1489 haud
903 1441 990 1489 sane
1025 1441 1140 1514 aequo
1172 1417 1291 1490 animo
1326 1417 1363 1487 in
1388 1441 1441 1487 se·

199 1527 318 1602 cundo
351 1551 390 1602 se
417 1529 602 1602 continens
628 1527 760 1627 gradu,
792 1551 913 1624 regem
939 1529 1108 1601 terrebat
1160 1525 1254 1600 Nam
1280 1550 1363 1598 oum
1388 1551 1441 1598 re·

146 1635 156 1700 .'
199 1633 312 1738 gnum
337 1639 536 1728 affectaret,
568 1637 739 1735 proditio,
771 1662 843 1732 qua
874 1636 952 1708 sola
977 1637 1014 1708 id
1041 1637 1182 1734 assequi
1209 1647 1367 1734 poterat,
1400 1637 1442 1708 ti-

200 1751 376 1823 mebatur.
1347 1741 1349 1744 ’

197 1895 202 1906 ·
305 1857 472 1932 Oetenrm
497 1855 720 1946 Alexander,
753 1880 860 1953 quam
890 1858 1073 1955 regionem
1108 1855 1248 1930 Dareus
1282 1855 1477 1954 petissent

200 1970 298 2044 omni
333 1993 419 2042 cura
450 1968 649 2066 vestigans,
681 1977 801 2039 tamen
834 1968 1023 2065 explorare
1049 1993 1122 2040 non
1148 1977 1307 2067 poterat,
1329 1991 1443 2039 more

200 2077 358 2179 quodam
383 2079 585 2168 Persarum,
611 2103 747 2152 arcana
769 2101 895 2176 regum
920 2080 1011 2152 mira
1036 2078 1228 2151 celantium
1253 2075 1334 2149 fide
1360 2075 1478 2148 Nona

996 2325 997 2328 ,
1039 2291 1058 2330 ⁵9

236 2381 302 2452 Cap
319 2387 363 2446 2⁵,
381 2383 406 2446 s.
424 2385 448 2432 2.
465 2380 639 2448 Babyloniam
656 2381 802 2451 convenire]
838 2397 869 2435 ao
886 2381 919 2434 de
940 2397 1014 2434 more
1031 2399 1079 2435 suo
1097 2378 1207 2435 Curtius
1229 2379 1317 2434 dicere
1334 2387 1442 2450 poterat

200 2449 306 2505 Nomen
323 2447 440 2502 urbisin
458 2447 606 2500 nonnul
624 2449 803 2518 habesBaby-
838 2460 935 2518 quanto
952 2451 1065 2502 marimo
1079 2457 1183 2516 posset,
1205 2448 1253 2500 sed
1275 2464 1366 2500 rernm
1384 2464 1442 2502 esse

201 2521 294 2586 loona,
317 2516 409 2587 itaque
433 2515 517 2569 edidit
534 2515 640 2570 Modius
661 2518 694 2570 de
716 2515 803 2570 conis·
838 2518 918 2570 etiam
939 2517 1005 2570 illud
1022 2518 1055 2570 ad
1073 2532 1124 2576 ut.
1145 2524 1176 2570 tl
1197 2515 1442 2570 demonstravimus.

201 2595 279 2640 mura
304 2583 410 2657 opinor,
436 2592 510 2664 perte
535 2603 589 2637 non
615 2601 649 2638 ex
675 2584 725 2638 illis
750 2584 803 2638 suis
873 2589 896 2654 §-
920 2592 945 2639 8.
981 2587 1077 2655 procul
1108 2587 1264 2664 Scytlorpcn
1294 2616 1329 2625 —
1352 2586 1440 2655 cente]

201 2673 219 2709 o
238 2653 318 2734 timis,
336 2662 494 2734 nt'connno
512 2669 545 2706 ex
563 2653 658 2706 nonnis
675 2661 704 2706 et
721 2653 802 2707 Snalr.
837 2655 906 2708 Edd.
933 2663 1036 2734 veteres
1068 2661 1131 2706 ante
1157 2653 1278 2706 Modrnm
1300 2655 1397 2732 procul
1423 2671 1441 2704 a

234 2722 699 2858 Bldlclriabdidmssdprldle'toilniquam
720 2791 805 2842 mari·
839 2725 925 2843 Bcddsl
938 2719 1262 2844 {mullslldlltelbpdblrterls
1290 2721 1443 2842 uddtiinbldr

202 2876 244 2912 mo
257 2867 349 2928 posset
366 2859 480 2910 onerata
501 2860 597 2924 coacto]
636 2857 724 2927 Vulgo
741 2857 806 2909 editi
839 2875 909 2923 rem,
933 2859 980 2928 qui
996 2875 1101 2928 semper
1117 2875 1170 2910 nno
1188 2855 1246 2912 loco
1263 2872 1312 2923 ιν,
1337 2864 1384 2923 11,
1408 2864 1442 2910 24

201 2927 295 2980 Bactr.
318 2927 419 2988 ducor,
436 2942 565 2995 perquam
587 2927 699 2978 mazano
716 2936 806 2996 posset
839 2935 952 2996 excepto
976 2929 1072 2996 prend
1101 2943 1160 2980 cum
1177 2924 1301 2996 ⁴simplici
1326 2924 1444 2979 ablativo

201 2995 319 3074 antina
345 3003 450 3074 coacto,
480 2994 527 3046 sed
562 2993 691 3046 omittunt
717 2995 805 3047 ducem
840 2995 984 3065 coniungit,
1126 3063 1132 3075 Ι
1235 3063 1241 3075 Ι
1420 3060 1427 3072 Ι

204 3061 661 3184 lllffastllhloelthllilthss
673 3061 805 3182 dili}
840 3073 1101 3184 officialia
1120 3079 1151 3182 ’ἐξ
1168 3063 1365 3182 ldihffll
1383 3059 1445 3182 all?

202 3198 275 3252 Flor.
292 3197 377 3251 CEH.
413 3197 482 3250 Tum
504 3197 619 3251 Gronov.
639 3197 749 3251 Observ.
772 3211 806 3264 n,
840 3199 935 3266 bimur,
955 3217 1015 3252 narn
1033 3199 1104 3253 locus
1122 3199 1156 3251 ab
1173 3197 1328 3263 editoribus,
1346 3197 1444 3268 partim

203 3265 294 3320 8iure
312 3265 340 3318 in
356 3265 550 3319 constructione
567 3265 722 3346 superlativi
744 3282 804 3318 cnm
840 3276 871 3319 nt
888 3267 1077 3337 elegantiorem
1096 3268 1228 3331 facerent,
1251 3265 1349 3336 partim
1372 3267 1445 3336 qnod

153 3371 157 3382 .
198 3351 330 3404 perquam
347 3333 466 3398 offendit,
484 3351 562 3404 quarn
580 3353 601 3387 sr
614 3333 672 3405 quis
681 3349 806 3387 excusare
840 3334 964 3388 historiae
985 3336 1023 3388 sic
1043 3343 1169 3406 putarent
1190 3333 1344 3399 convenire,
1372 3334 1445 3386 varie

202 3401 319 3455 voluerit
344 3400 395 3454 levi
426 3410 618 3472 postremorum
649 3401 805 3472 scriptorum
839 3413 979 3474 oonuptus
996 3404 1034 3457 sie
1050 3403 1241 3457 circumfertur:
1264 3404 1365 3455 assueti
1377 3419 1445 3456 sen·

203 3469 373 3536 auctoritate,
384 3487 426 3523 ex.
444 3487 484 3539 gr.
505 3469 626 3542 Appuleii
644 3471 753 3523 Metam.
772 3485 803 3536 11,
835 3490 934 3542 perque
952 3475 981 3524 in
998 3475 1081 3525 aratis
1099 3481 1198 3523 errant.
1219 3469 1263 3522 Ex
1277 3469 1317 3522 his
1330 3488 1444 3539 seraper-

202 3545 237 3592 2⁵
260 3548 370 3592 tanetum
396 3555 522 3607 perquam
552 3540 749 3608 sapidissimam
776 3549 805 3591 et
839 3558 888 3609 que
914 3559 930 3593 a
951 3540 1111 3611 principibus
1133 3537 1294 3591 editionibus
1330 3555 1443 3618 repaga-

202 3604 343 3677 Pomponii
366 3605 392 3658 in
415 3605 558 3659 enchiridio
580 3609 603 3675 ξ.
621 3615 654 3660 at
677 3607 726 3674 (Di
747 3647 753 3658 .
771 3609 804 3660 de
841 3617 907 3674 tum,
926 3619 1015 3660 errem
1041 3626 1090 3678 pro
1108 3617 1183 3664 erant
1206 3605 1271 3660 lecit
1324 3607 1399 3659 οάιιιε
1417 3615 1445 3658 et

202 3674 525 3808 nstramus
552 3743 712 3797 1T
726 3625 806 3796 ln
840 3678 910 3798 aa
926 3676 1057 3798 aaa
1071 3674 1363 3797 tartessus
1377 3675 1445 3795 rr·

202 3759 392 3880 ththBtallb.),
411 3819 499 3863 tamen
516 3784 625 3865 terbum
639 3785 720 3881 posse¹
735 3763 806 3865 adid
840 3813 927 3866 Faber
948 3813 1061 3892 denique
1086 3812 1167 3864 etiam
1192 3814 1293 3866 asaroett'
1319 3783 1445 3876 edrrcxit,

203 3886 277 3932 ctum
295 3896 401 3949 prorsas
423 3881 617 3933 condemnabit.
653 3879 747 3951 Itaque
764 3897 805 3933 me
840 3883 913 4002 pyuod
930 3881 1060 3935 Callanus
1081 3890 1110 3933 et
1128 3879 1260 3934 Snalrenb.
1277 3887 1444 3951 receperunt.

203 3947 311 4018 quidem
351 3946 435 4000 iudice
476 3949 618 4002 rectissime
657 3948 805 4003 Gronovius
867 3967 941 4003 erum
965 3949 1101 4002 Bactriani
1133 3967 1186 4002 non
1212 3951 1332 4002 vivebant
1356 3958 1443 4016 rupto,

203 4014 355 4068 emendarit
371 4016 575 4070 Bactrianorum
588 4017 805 4088 praetorem,sic-
840 4021 887 4071 sed
904 4028 932 4071 et
950 4037 1027 4089 agros
1045 4018 1167 4071 colebant
1184 4017 1229 4070 ubi
1239 4015 1324 4070 solnm
1332 4015 1443 4086 permit-

199 4091 370 4154 ntsatrapae
384 4101 467 4163 ‘saepe
480 4086 646 4156 appellantur
664 4093 704 4154 (et
737 4085 806 4140 entis
840 4089 916 4141 tabat
937 4097 966 4140 et
991 4086 1133 4164 diligenter
1159 4087 1315 4155 pascebant:
1351 4085 1381 4137 cs.
1410 4101 1443 4136 ne

199 4168 259 4222 =quo
279 4169 330 4217 ne,
349 4169 391 4205 cur
408 4163 547 4223 praesunt,
570 4155 687 4236 genitivo
703 4106 805 4210 adiecto
841 4155 943 4225 longius
961 4157 1052 4208 abeam
1072 4155 1115 4207 hb.
1133 4169 1190 4220 vu,
1211 4161 1250 4207 18.
1286 4151 1383 4222 Itaque
1409 4169 1443 4202 ue

204 4169 331 4342 ἓξὲεἶὴηὲ
336 4232 459 4342 possuntt,
473 4231 503 4274 ut
513 4225 686 4344 Supzanpropn
692 4235 805 4305 satrapa
841 4227 965 4344 errnbpnt
991 4223 1097 4344 quidogr
1116 4222 1251 4343 iphannis,
1280 4223 1326 4300 sed
1344 4231 1444 4340 utrupp·

204 4307 806 4438 a‚2.r‚10t‘·,ttt.ftttttt”3tt
841 4307 1444 4430 repraesentantem

205 4437 259 4479 ortu
277 4436 380 4492 coacto,
399 4445 446 4496 pro
465 4445 518 4497 qno
535 4427 682 4498 elegantius
700 4430 806 4500 quidem
842 4429 915 4482 citati
933 4439 1017 4482 erant.
