3330 5050
599 337 651 426 xun
676 373 804 428 oxs'rls
831 377 938 429 Anax.
965 376 1042 444 vm,
1061 373 1085 418 t.
1384 343 1457 416 363

221 557 404 630 oraculum
430 557 595 651 eludens,
630 561 772 634 veriora
798 582 837 632 se
863 561 952 658 regi,
985 581 1092 656 quam
1118 565 1257 651 patrem
1283 550 1375 638 eius,
1408 571 1460 620 re·

170 667 410 766 respondisse
437 668 588 744 dicebat.
641 670 715 742 Iam
741 680 883 742 tantum
908 672 983 743 irae
1008 677 1222 763 conceperat
1248 686 1323 750 rex,
1351 684 1460 756 quan·

221 790 298 851 tum
325 780 388 852 vix
415 782 554 854 sobrius
581 782 673 852 ferre
700 780 883 876 potuisset.
928 779 1120 852 Enimvero
1148 777 1232 847 olim
1258 797 1356 846 mero
1383 794 1460 843 sen·

170 911 203 956 44
221 890 320 962 sibus
347 891 465 982 victis,
494 918 540 965 ex
566 894 658 963 lecto
685 902 831 987 repente
858 892 1029 989 prosiluit.
1082 887 1237 960 Attoniti
1265 883 1382 970 amici,
1415 899 1472 952 ne¹
1548 919 1550 924 v

222 1001 347 1097 positis
373 1003 526 1100 quidem,
553 1001 616 1075 sed
635 1001 781 1074 abiectis
807 1004 952 1100 peculia,
980 1009 1208 1096 consurgunt,
1235 998 1272 1068 in
1292 1003 1462 1069 eventum

170 1129 202 1177 ⁴⁵
221 1111 282 1199 rei,
309 1137 417 1210 quam
442 1122 545 1184 tanto
572 1112 707 1210 impetu
733 1125 878 1187 acturus
906 1123 1016 1200 esset,
1054 1110 1191 1183 intenti.
1243 1101 1461 1194 Alexander,

221 1235 327 1322 rapta
358 1225 483 1296 lancea
513 1246 561 1294 ex
592 1224 757 1297 manibus
788 1225 972 1322 armigeri,
1012 1220 1143 1295 Clitum
1180 1219 1298 1293 adhuc
1336 1215 1463 1290 eadem

221 1335 363 1432 linguae
387 1334 664 1431 intemperantia
688 1335 866 1408 liuentem
893 1345 1078 1432 percutere
1105 1340 1270 1420 conatus,
1297 1356 1320 1402 a
1345 1326 1462 1399 Ptole-

170 1462 203 1511 tt
222 1469 324 1518 maeo
350 1455 387 1518 et
406 1438 578 1518 Perdicca
602 1445 791 1518 inhibetur.
845 1443 1004 1525 Medium
1030 1441 1207 1541 complexi
1229 1453 1267 1514 et
1284 1439 1462 1515 obluctari

220 1567 512 1653 perseverantem
526 1556 781 1644 morabantur3
809 1555 1043 1655 Lysimachus
1066 1569 1103 1627 et
1121 1553 1328 1627 Leonnatus
1355 1551 1462 1624 etiam

170 1685 202 1733 tt
221 1667 382 1739 lanceam
416 1669 650 1743 abstulerant.
702 1665 766 1739 Ille
798 1667 949 1740 militum
986 1665 1094 1739 fidem
1125 1667 1334 1764 implorans,
1368 1687 1462 1735 com·

220 1777 394 1875 prehendi
418 1803 458 1853 se
485 1805 507 1852 a
532 1779 704 1878 proximis
730 1779 936 1868 amicorum,
967 1775 1064 1876 quod
1089 1775 1209 1851 Dareo
1235 1799 1349 1874 nuper
1375 1773 1462 1848 aeci·

222 1881 352 1977 disset,
369 1890 558 1981 exclamat,
584 1881 912 1989 signumq'uetuba
937 1888 1024 1980 dari,
1040 1899 1093 1962 ·ut
1111 1885 1158 1962 ad
1176 1887 1310 1986 regiam
1334 1885 1462 1958 annoti

169 2018 205 2067 m
222 2000 381 2089 coirent,
395 1998 503 2073 iubet.
556 1999 650 2074 Tum
676 2025 763 2075 vero
789 2000 1016 2074 Ptolemaeus
1043 2007 1079 2073 et
1096 1997 1285 2070 Perdiccas
1311 1996 1461 2096 genibus

221 2109 384 2184 advoluti
405 2121 521 2201 orant,
547 2137 594 2184 ne
610 2112 648 2184 in
670 2121 744 2184 tam
771 2111 955 2210 praecipiti
971 2110 1026 2184 ira
1050 2107 1462 2208 perseveret,‘spatium·

223 2245 291 2317 que
322 2219 442 2318 potius
469 2222 588 2312 animo
616 2221 695 2295 det:
728 2223 848 2295 omnia
879 2231 1025 2320 postero
1052 2220 1110 2294 die
1142 2219 1268 2293 iustius
1294 2227 1461 2292 executu-
1569 2293 1571 2296 .

169 2351 204 2402 se
217 2357 311 2406 rum
365 2331 438 2407 Sed
472 2334 614 2408 clausae
649 2344 753 2406 erant
792 2357 917 2421 aures,
957 2332 1189 2430 obstrepente
1222 2331 1285 2403 ira
1337 2329 1463 2426 ltaque

220 2445 400 2544 impotens
434 2445 542 2518 animi
583 2447 761 2544 procurrit
793 2445 830 2517 in
864 2445 983 2542 regiae
1018 2443 1251 2531 vestibulum,
1290 2451 1328 2514 et
1364 2441 1463 2539 vigili

221 2556 414 2628 excubanti
440 2557 545 2629 hasta
571 2558 700 2648 ablata,
727 2555 888 2630 constitit
913 2556 949 2627 in
976 2554 1086 2642 aditu,
1113 2579 1184 2652 quo
1212 2576 1358 2625 necesse
1383 2562 1462 2625 erat

169 2685 204 2733 ⁶0
220 2666 287 2757 his,
313 2667 375 2765 qui
400 2668 506 2742 simul
531 2679 780 2757 coenaverunt,
807 2666 938 2766 egredi.
984 2664 1159 2738 Abierant
1184 2663 1303 2736 ceteri.
1349 2660 1462 2736 Clitus

217 2777 373 2876 ultimus¹
404 2778 480 2850 sine
516 2779 647 2850 lumine
682 2779 814 2851 exibat
868 2775 983 2867 Quem
1018 2801 1102 2868 rere,
1145 2775 1308 2873 quisnam
1342 2773 1462 2847 esset?

116 2976 122 2982 .
220 2884 428 2986 interrogat.
454 2887 660 2962 ‘Eminebat
685 2890 793 2962 etiam
819 2890 855 2961 in
883 2913 971 2962 voce
997 2889 1150 2978 scalaria,
1178 2887 1274 2985 quod
1301 2886 1462 2984 parabat,

170 3017 202 3065 ⁵1
222 3000 403 3074 atrocitas.
450 2997 498 3072 Et
533 3000 598 3073 ille
625 3001 697 3075 iam
731 3025 804 3074 non
840 3024 945 3089 suae,
981 2999 1045 3073 sed
1079 2999 1174 3100 regis
1208 3000 1283 3073 irae
1317 3023 1462 3088 memor,

170 3128 204 3176 aa
223 3107 355 3182 Clitum
382 3135 471 3201 esse,
499 3111 608 3184 etde
635 3111 801 3184 convivio
828 3112 926 3184 exire
953 3111 1148 3208 respondit.
1188 3109 1287 3183 Haec
1314 3110 1462 3182 dicentis

222 3220 316 3294 latus
336 3221 441 3294 hasta-
461 3221 657 3296 transfixit:
677 3222 928 3319 morientisque
949 3223 1121 3318 sanguine
1140 3247 1317 3320 aspersus,
1336 3220 1364 3294 I
1367 3247 1464 3322 nane,

221 3330 346 3428 inquit,
372 3333 421 3406 od
444 3333 640 3432 Pbdippnrn
667 3347 696 3407 et
720 3333 974 3408 Parmenionem
1000 3344 1030 3405 ct
1054 3331 1215 3406 Attalum.

256 3517 331 3582 §.ta
353 3517 414 3568 otim
423 3532 493 3569 mero
507 3519 626 3570 santus
639 3517 727 3588 victis]
757 3516 825 3570 Otirn
860 3517 887 3569 in
909 3515 1018 3570 riost*
1039 3533 1098 3570 vero
1121 3517 1180 3569 otim
1203 3519 1271 3571 enirn
1291 3534 1364 3583 vcro,
1391 3515 1464 3568 etin

221 3601 272 3653 pro
290 3583 399 3649 dudum,
422 3583 524 3654 pridem
541 3602 562 3638 s.
578 3584 631 3638 ism
648 3584 755 3650 dudum,
773 3584 824 3638 ism
860 3585 931 3638 Flor.
949 3584 976 3638 G
995 3585 1064 3638 Olim
1081 3588 1149 3638 enim
1161 3585 1226 3638 'uero
1243 3602 1322 3640 mero.

221 3650 337 3722 pridem,
362 3669 415 3705 nou
437 3669 498 3705 raro
520 3652 629 3722 ponitur
650 3670 666 3706 a
684 3651 778 3706 Curtio
795 3662 825 3706 et
894 3656 968 3722 §.ta
1003 3655 1164 3723 obstrepente
1180 3656 1233 3723 iro]
1262 3653 1346 3708 Godd.
1359 3651 1465 3726 plurimi

220 3719 340 3799 supparis
348 3720 404 3774 fere
412 3720 509 3773 aetatis
517 3720 700 3791 scriptoribus,
714 3720 824 3788 Seneca,
859 3724 1042 3791 obstrepentes,
1060 3723 1196 3786 mendose,
1213 3723 1285 3845 guod
1300 3722 1380 3791 vulgo
1392 3728 1466 3774 recte

221 3787 392 3852 anattano.
428 3787 470 3842 Cf.
489 3803 529 3852 ιν,
547 3796 580 3843 29
598 3793 733 3871 Aegyptii,
750 3793 824 3844 olim
858 3790 948 3843 editur
976 3790 1003 3842 in
1024 3790 1094 3844 Flor.
1113 3789 1189 3844 cxli
1238 3790 1335 3844 ermB
1358 3793 1464 3844 Vetat

221 3856 364 3910 Personam
384 3857 478 3936 opibus
496 3859 607 3926 infensi,
632 3877 727 3939 qurppe
745 3877 824 3912 auore
859 3859 932 3912 libris
950 3857 1014 3911 alias
1031 3856 1137 3912 minime
1155 3859 1230 3913 bonis
1247 3858 1387 3930 reperitur.

219 3926 825 4062 ttt‘tt‘ttt‘tttmtttttttt
859 3928 1465 4066 st·titttttt‘tt‘tt‘tt‘ltttt

213 4033 330 4115 'aatmba
365 4061 440 4116 Intra
461 4079 519 4132 esp.
533 4070 567 4117 20
593 4065 730 4134 aiuntque
757 4066 825 4117 irum
859 4015 1001 4118 semoribur
1017 4063 1091 4118 leid.
1105 4065 1211 4118 Vossl
1233 4065 1304 4119 Flor.
1321 4064 1381 4132 AB,
1403 4081 1465 4117 narn

219 4131 371 4184 Alexandri
388 4149 467 4202 qaum
484 4133 560 4185 olim
574 4134 662 4185 animo
671 4150 825 4201 copercnon
860 4133 997 4203 vulgatum
1015 4136 1151 4203 percurrit
1174 4134 1248 4187 nulla
1269 4131 1371 4187 ratione
1394 4149 1464 4186 <rom-

214 4209 334 4268 poterat,
361 4209 453 4270 potest
479 4203 540 4253 otim
566 4198 693 4271 expliesri
719 4203 824 4254 dandum.
860 4202 1006 4255 mandatur.
1033 4203 1129 4272 Neque
1147 4199 1218 4255 enim
1231 4203 1347 4256 debebat
1360 4219 1392 4255 eo
1405 4218 1465 4255 cur·

219 4267 273 4321 Sed
291 4269 316 4322 h.
326 4268 343 4321 l.
362 4271 424 4322 olim
442 4270 477 4323 ab
494 4269 556 4322 edd.
565 4277 629 4323 vett
648 4270 724 4323 abest
741 4285 825 4340 mque
860 4288 918 4324 rare
935 4288 984 4324 nee
1006 4270 1042 4324 ibi
1059 4287 1166 4325 manere
1183 4269 1364 4325 comtittrerat.
1399 4270 1464 4324 Mox

219 4335 254 4388 ad
270 4337 440 4401 Medianum,
468 4337 530 4390 item
555 4337 664 4406 posthae
687 4337 824 4391 abbelin-
859 4341 900 4392 bis
927 4357 1017 4394 omnes
1040 4357 1100 4392 mas.
1122 4358 1170 4410 pro
1194 4340 1265 4410 vulg.
1284 4341 1333 4404 iic,
1359 4346 1464 4392 tantum

219 4404 305 4458 hamio
322 4405 455 4468 omissum,
477 4406 595 4476 quamvis
613 4406 719 4477 legatur
736 4407 763 4459 in
779 4425 824 4460 eo·
859 4407 930 4462 Flor.
949 4409 972 4460 B
992 4417 1022 4460 ut
1038 4408 1106 4461 solet
1123 4411 1182 4461 tta.

218 4471 398 4528 dieibmmss.
416 4475 552 4542 omnibus,
576 4475 624 4528 sed
646 4483 748 4530 mumw
766 4475 824 4530 loeo
893 4479 916 4545 5.
931 4483 972 4530 tt.
1008 4477 1119 4543 lrrwsc,
1138 4478 1232 4547 inquit,
1251 4478 1289 4529 od
1301 4475 1462 4550 Pbitippurn]
