3260 5042
539 1137 1051 1282 rnnnrnrro.

280 1723 323 1814 Q.
351 1723 465 1798 Curtii
490 1723 574 1829 Rufi
610 1723 720 1795 libros
755 1721 802 1795 de
833 1724 943 1820 gestis
970 1721 1168 1796 Alexandri
1194 1723 1313 1821 Magni
1344 1727 1414 1824 pri·

173 1877 274 1925 mum
299 1853 463 1925 recensui
490 1851 758 1947 recensitosque
784 1849 879 1924 edidi
905 1877 937 1922 a.
968 1853 1064 1924 1826
1091 1849 1246 1926 Berolini
1268 1854 1414 1951 sumpti·

160 1982 254 2055 bus·
275 1978 495 2054 Duemmleri
530 1977 756 2076 bibliopolae.
814 1977 856 2050 In
882 1979 1103 2076 praefatione
1138 1981 1213 2052 eius
1248 1979 1413 2053 editionis

172 2109 338 2207 pluribus
351 2107 485 2181 'verbis
512 2106 665 2204 exposui
697 2129 789 2202 quae
820 2131 878 2180 me
899 2093 1034 2180 'causae
1060 2104 1107 2180 ad
1132 2107 1229 2180 buno
1254 2095 1414 2180 laborem

171 2231 404 2334 impulerint,
434 2233 636 2330 quibusque
669 2234 867 2306 rationibus
895 2231 1024 2306 ductus
1049 2233 1192 2306 foedam
1219 2235 1413 2331 corruptio·
1490 2288 1494 2295 ι

170 2389 257 2438 nem
284 2361 547 2459 indagaverim,
582 2385 690 2457 quam
726 2361 1010 2459 elegantissimus
1045 2361 1211 2460 scriptor
1227 2362 1265 2434 in
1290 2363 1412 2459 vulga·

170 2493 273 2566 ribus
309 2463 535 2564 editionibus
559 2513 751 2586 perpessus
787 2499 852 2562 est
922 2487 1064 2562 Accidit
1098 2489 1192 2576 enim
1228 2499 1285 2579 ut,
1326 2503 1412 2562 ‘cum
1462 2471 1485 2560 s

171 2619 354 2718 principes
380 2615 555 2690 editiones
581 2639 629 2688 ex
654 2617 833 2715 corruptis
858 2616 1108 2714 manuscriptis
1122 2615 1262 2689 ductae
1283 2628 1412 2708 essent,

171 2747 338 2820 homines
364 2743 477 2833 docti,
512 2744 572 2841 qui
598 2753 728 2841 postea
758 2743 806 2816 ed
833 2741 996 2817 Curtium
1028 2742 1290 2817 emendandum
1316 2759 1417 2818 accc·

173 2873 322 2963 darent,
357 2871 517 2946 subsidia
538 2869 714 2944 codicum
750 2896 834 2945 mss.
867 2881 931 2944 aut
964 2873 1063 2944 nulle
1098 2881 1259 2944 autnon
1284 2871 1414 2945 idonea

172 3003 365 3090 baberent,
392 3009 457 3072 aut
483 2999 513 3071 si
539 3023 611 3095 qua
637 2999 814 3072 haberent
838 2998 984 3088 idonea,
1018 3023 1092 3088 non
1118 3010 1317 3090 uterentur,
1350 3009 1413 3072 aut
1457 3083 1463 3088 ,

174 3130 304 3228 quibus
339 3138 531 3223 utrumque
566 3127 786 3224 contigerat,
826 3136 868 3199 ut
906 3136 944 3199 et
978 3127 1080 3200 bonis
1115 3127 1214 3202 libris
1248 3128 1412 3200 instructi
1465 3140 1468 3148 “

175 3266 297 3331 essent
322 3266 361 3328 et
385 3256 428 3328 iis
462 3254 510 3327 ad
545 3253 810 3328 emendandum
845 3265 986 3328 textum
1021 3255 1073 3327 uti
1110 3254 1301 3345 auderent,
1340 3281 1412 3328 non

174 3394 296 3458 tamen
322 3384 478 3456 fructum
504 3383 641 3456 ferrent
654 3381 871 3473 industriae,
898 3383 995 3480 quod
1021 3383 1130 3480 vulgo
1158 3383 1207 3455 eis
1229 3383 1318 3456 fides
1341 3409 1412 3456 non

163 3501 231 3586 'est
255 3512 389 3585 habita
441 3509 484 3582 ln
510 3512 627 3609 prima
653 3512 767 3584 classe
787 3535 939 3601 eorum,
974 3512 1035 3609 qui
1067 3535 1153 3583 rem·
1176 3511 1313 3586 efficere
1338 3535 1412 3584 non

175 3649 340 3739 possent,
366 3647 531 3712 vebistos
557 3637 807 3712 emendatores
834 3649 873 3714 et
898 3639 1094 3737 scripturae
1121 3639 1288 3735 vulgatae
1313 3663 1412 3736 repe

175 3769 300 3840 titores
327 3767 524 3866 ponebam3
558 3767 596 3840 in
631 3768 745 3841 altera
777 3793 917 3858 eorum,
951 3769 1012 3865 qui
1045 3765 1149 3840 bonis
1184 3767 1312 3839 oblatis
1339 3791 1412 3839 non

176 3905 378 3985 uterentur,
416 3896 608 3994 praecipue
642 3893 838 3968 Henricum
873 3891 1199 3992 Snakenburgium3
1235 3895 1271 3965 in
1306 3895 1412 3968 tertia

176 4022 327 4122 denique
362 4023 535 4121 imprimis
562 4022 799 4104 ,Franciscum
834 4021 1010 4114 Medium,
1042 4047 1148 4119 quem
1179 4047 1349 4120 prospere
1375 4023 1411 4095 in

178 4150 399 4225 emendando
423 4149 549 4225 curtio
576 4163 770 4242 versatum,
799 4151 861 4225 sed
886 4178 908 4224 a
928 4151 1027 4224 nullo
1049 4151 1097 4224 ob
1118 4149 1156 4223 id
1176 4151 1293 4248 ipsum
1316 4150 1412 4246 quod

179 4281 354 4378 praestitit
379 4280 572 4377 probatum
599 4305 678 4354 esse
703 4279 955 4378 intelligebam.
1000 4276 1070 4353 Sed
1091 4289 1205 4352 totam
1227 4279 1410 4369 rationem,

178 4433 248 4505 qua
281 4409 451 4481 historiae
477 4405 671 4482 Curtianae
702 4409 904 4482 emendatio
937 4419 976 4480 et
1008 4417 1164 4482 tractatu
1198 4419 1293 4480 esset
1327 4408 1411 4478 olim

179 4547 215 4606 et
239 4561 346 4633 porro
372 4536 709 4628 tractarideberet,
745 4562 827 4610 oum
859 4561 906 4609 ex
932 4537 1115 4611 veteribus
1142 4537 1250 4633 copiis
1276 4561 1302 4608 a·
1323 4531 1410 4608 Sna·
