3302 5052
198 279 247 364 88
400 309 402 315 ·
666 309 700 372 Q.
728 308 851 360 cunrn
876 309 960 361 sun

196 501 337 592 gentes,
365 488 412 562 ad
437 515 503 564 sua
528 491 727 589 perduxere
753 493 903 592 navigia,
930 494 1059 590 quibus
1084 495 1271 568 occultatis
1299 491 1434 568 Sidona

197 601 338 674 devecti
370 611 463 674 sunt
516 600 724 692 Quindecim
757 604 854 675 milia
884 604 952 674 hoc
984 603 1081 674 firrto
1114 606 1294 678 subducta
1320 608 1432 679 saevi-

196 713 267 785 tiae
300 723 393 786 sunt
447 712 698 809 Quantumque
732 712 913 806 sanguinis
945 712 1065 782 fusum
1100 715 1165 802 sit,
1200 717 1261 787 vel
1287 741 1335 788 ex
1360 717 1429 789 hoc
1450 715 1491 778 16¹

198 825 376 898 aestimari
411 837 546 924 potest,
588 821 684 917 quod
718 822 812 891 intra
846 821 1068 892 munimenta
1098 821 1198 893 urbis
1234 847 1300 894 sex
1335 827 1433 898 milia

198 945 417 1008 annulorum
448 931 625 1006 trucidata
656 939 749 1001 sunt.
801 926 918 1003 Triste
954 928 1084 1003 deinde
1111 933 1354 1029 spectaculum
1380 937 1431 1005 vi·
1450 952 1484 996 1⁷

196 1047 355 1119 ctoribus
380 1046 434 1116 ira
459 1041 623 1139 praebuit
647 1041 750 1137 regis.
802 1039 884 1114 Duo
910 1043 1025 1133 milia,
1051 1043 1087 1114 in
1114 1043 1244 1139 quibus
1270 1043 1432 1115 occiden-

185 1155 251 1228 dis
278 1153 456 1226 defecerat
481 1151 616 1241 rabies,
651 1152 814 1225 crucibus
841 1153 939 1226 affixi
970 1179 1036 1252 per
1059 1155 1186 1251 ingens
1213 1155 1326 1227 litoris
1353 1181 1431 1253 spa-

103 1269 107 1280 '
196 1265 286 1336 tium
317 1259 573 1361 pependerunt
626 1261 970 1359 Carthaginiensium
1002 1265 1130 1360 legatis
1156 1265 1335 1360 pepercit,
1371 1266 1487 1337 ari-18

196 1370 272 1446 dita
297 1371 565 1446 denuntiatione
590 1373 682 1463 belli,
702 1373 798 1469 quod
824 1374 1065 1468 praesentium
1090 1396 1211 1442 rerum
1236 1375 1431 1446 necessitas

194 1495 405 1558 moraretur.
1408 1527 1410 1532 ,

142 1599 192 1671 20
297 1593 415 1694 Tyros
449 1593 600 1688 septimo
635 1615 772 1680 mense,
811 1615 918 1686 quam
952 1593 1152 1690 oppugnari
1187 1603 1317 1690 coepta
1341 1604 1486 1683 erat,1s

120 1781 123 1786 λ
193 1716 300 1803 capta
335 1713 404 1793 est,
443 1704 531 1775 urbs
564 1710 602 1774 et
639 1711 818 1774 vetustate
852 1703 997 1799 originis
1030 1714 1069 1775 et
1100 1703 1227 1776 crebra
1263 1705 1430 1778 fortunae

192 1815 368 1886 varietate
400 1811 448 1885 ad
478 1810 684 1883 memoriam
720 1810 939 1908 posteritatis
971 1811 1128 1908 insignis.
1196 1809 1352 1885 Condita
1383 1817 1430 1907 ab

190 1923 362 2022 Agenore
397 1923 458 1996 diu
490 1945 603 2011 mare,
639 1945 712 1994 non
744 1922 900 1994 vicinum
930 1920 1057 2012 mod0‚
1091 1922 1157 1995 sed
1180 1922 1430 2022 -quodcunque

194 2036 325 2108 classes
362 2035 436 2107 eius
471 2031 652 2120 adienmt,
687 2029 834 2104 dicionis
860 2057 946 2106 suae
972 2033 1065 2104 fecit
1118 2031 1168 2105 Et
1193 2034 1223 2104 si
1248 2034 1366 2108 famae
1392 2037 1430 2107 li-

192 2144 258 2217 bet
282 2143 438 2234 credere,
472 2144 562 2216 haec
586 2164 674 2240 gens
701 2143 836 2214 litteras
864 2143 976 2240 prima
1003 2152 1067 2215 aut
1092 2141 1225 2232 docuit,
1251 2155 1316 2217 aut
1341 2143 1430 2218 didi-

194 2255 253 2330 cit.
320 2250 489 2327 Coloniae
523 2261 619 2325 certe
657 2251 731 2325 eius
762 2276 876 2350 paene
907 2253 995 2326 orbe
1028 2263 1106 2325 toto
1142 2251 1294 2327 diffirsae
1326 2267 1429 2328 sunt:
1448 2271 1486 2320 20

194 2362 376 2461 Carthago
402 2363 439 2435 in
465 2364 595 2451 Africa,
621 2362 658 2434 in
684 2361 832 2436 Boeotia
845 2361 1001 2452 Thebae,
1016 2359 1136 2436 Gades
1164 2362 1211 2436 ad
1232 2361 1428 2440 Oceanum.

192 2473 313 2576 Credo
338 2473 451 2548 libero
477 2483 716 2546 commeantes
747 2473 836 2546 mari
868 2473 1080 2570 saepiusque
1106 2472 1275 2548 adeundo
1301 2479 1429 2550 ceteris

193 2586 392 2684 incognitas
418 2594 542 2673 terras,
569 2585 716 2682 elegisse
743 2583 845 2656 sedes
871 2585 1078 2673 iuventuti,
1100 2608 1172 2681 qua
1207 2597 1293 2658 tunc
1319 2589 1430 2660 abun-

194 2695 349 2769 dabant:
376 2697 451 2768 sive
477 2696 560 2790 quia
585 2696 717 2768 crebris
743 2694 898 2769 motibus
925 2705 1052 2782 terrae,
1079 2719 1164 2766 nam
1189 2694 1259 2768 hoc
1284 2721 1429 2794 quoque

194 2885 281 2952 nibus,
298 2885 345 2938 sed
363 2895 457 2938 contra
474 2885 598 2937 librorum
612 2903 673 2938 mss.
687 2901 795 2939 consen·
828 2901 910 2954 genus
936 2883 1107 2938 masculinum
1133 2893 1244 2941 tuentur
1272 2896 1303 2940 ct
1326 2887 1431 2942 livium

194 2971 261 3008 nrm.
303 2953 508 3006 Restituendum
538 2962 580 3006 cst
604 2956 738 3008 occultatis
764 2963 795 3006 ut
828 2953 865 3006 sic
886 2969 966 3024 saepe
988 2953 1086 3006 dixisse
1113 2953 1192 3007 docet
1214 2955 1300 3009 Druk.
1322 2957 1357 3010 ad
1385 2957 1431 3011 lib.

107 3029 114 3034 “
193 3022 264 3075 idem
280 3020 407 3075 orationis
422 3021 567 3074 subiectum
581 3030 699 3075 maneat:
718 3021 795 3075 Sido·
827 3035 946 3086 mvn,
978 3027 1012 3076 89
1043 3028 1113 3074 extr.
1156 3021 1247 3076 Etiam
1273 3023 1431 3078 Gurtiauum

194 3089 232 3143 nii
249 3090 385 3144 subductis
402 3099 431 3142 et
448 3089 538 3143 celatis
548 3089 689 3158 Tyriorum
706 3090 794 3143 multis
827 3089 906 3141 habes
924 3103 974 3156 ιιι,
992 3096 1009 3141 4
1035 3090 1221 3143 Boreum-run
1244 3094 1357 3161 eqstitum
1379 3097 1431 3147 duo

192 3159 302 3212 domum
319 3167 494 3211 reverterunt.
826 3159 900 3210 milia
909 3159 1005 3227 suere,
1024 3160 1123 3210 amati
1136 3167 1187 3210 cet
1207 3159 1248 3213 cl.
1258 3160 1342 3225 adrx,
1355 3168 1395 3227 14,
1406 3169 1431 3214 5.

263 3229 287 3294 §.
307 3233 347 3280 lt.
373 3229 413 3278 uel
435 3243 466 3278 ex
484 3228 530 3278 loc
548 3227 684 3278 aestimari
697 3227 792 3295 potest]
861 3225 925 3294 Cap.
944 3231 987 3291 20,
1006 3229 1030 3290 S.
1044 3233 1084 3279 19.
1105 3227 1200 3297 Qus]
1225 3226 1431 3282 Graeculorum

194 3293 284 3364 Vulgo
302 3295 328 3347 h.
347 3293 364 3348 l.
385 3296 531 3347 existimari
553 3293 632 3346 solita
649 3303 793 3347 commuta·
827 3294 852 3346 in
870 3293 950 3346 Bern,
967 3299 992 3345 A
1011 3293 1083 3346 Flor.
1101 3293 1151 3346 AB
1171 3294 1244 3347 Leid.
1264 3296 1340 3350 Voss.
1358 3305 1368 3350 1
1389 3308 1431 3350 est

192 3361 267 3415 tione
284 3363 425 3414 verborum
446 3361 551 3431 legitur,
574 3363 677 3432 quade
694 3379 723 3414 re
740 3361 792 3414 rid.
826 3379 875 3432 pro
893 3361 963 3430 vulg.
985 3363 1079 3430 Tynu.
1098 3361 1167 3415 Vide
1185 3381 1265 3433 supra
1281 3381 1303 3418 c
1315 3373 1337 3417 7.
1362 3366 1429 3419 Mox

193 3428 595 3493 Dralr.adLiv.xxx1v,2.
631 3429 688 3483 Nos
711 3429 793 3483 secuti
826 3431 932 3511 sepuliano
949 3446 1036 3482 mensa
1053 3447 1132 3499 quum
1150 3431 1220 3484 sicut
1237 3447 1283 3498 rx,
1302 3440 1333 3487 81
1355 3437 1431 3486 terrio

192 3515 281 3552 sumus
298 3497 379 3550 Bern.
397 3498 423 3549 Α
440 3497 510 3550 Flor.
527 3497 600 3551 ABG
622 3505 651 3550 et
672 3499 748 3550 Voss.
768 3507 792 3564 1,
826 3501 1082 3566 ‹tuaquom-coeperat
1095 3499 1219 3552 obsidere.
1238 3499 1315 3554 Unus
1323 3499 1431 3555 FlonG

192 3575 265 3622 ructu
282 3574 313 3618 ut
330 3565 406 3619 nobis
423 3565 549 3628 ridemur,
568 3583 628 3618 narn
645 3565 743 3618 dicitur
758 3569 792 3618 de
826 3583 882 3634 quo.
902 3565 977 3620 Unus
986 3565 1051 3618 item
1065 3565 1088 3619 F
1089 3564 1137 3620 lor.
1149 3567 1170 3621 O
1184 3578 1304 3636 coeperat
1314 3585 1364 3640 pro
1374 3587 1431 3623 coe·

192 3633 344 3689 coniectura
362 3634 488 3687 facienda
518 3635 653 3686 Extimara'
670 3634 791 3688 Bem.B
821 3644 945 3704 praerat:
962 3634 1224 3756 ctGramm.}t.220.
1243 3636 1366 3708 Denique
1380 3657 1432 3709 pru

191 3702 264 3756 Flor.
290 3700 357 3766 EG,
383 3704 522 3754 calimeri
548 3701 618 3754 Flor.
645 3703 687 3769 H,
715 3701 792 3756 solita
825 3705 994 3771 paedoresque
1007 3719 1108 3756 unuso
1149 3704 1197 3756 lor.
1212 3704 1236 3756 B
1253 3721 1412 3775 quocunque.

193 3769 325 3824 scribendi
341 3769 462 3822 ludibria.
876 3776 942 3822 .2o.
981 3771 1083 3838 Gades]
1120 3771 1225 3892 Optimi
1252 3781 1281 3826 et
1310 3773 1430 3854 plerique

227 3841 252 3906 ξ.
272 3845 312 3890 17.
339 3839 368 3889 tu
386 3838 478 3906 quitus
496 3839 644 3891 occidendis
662 3841 694 3890 de
707 3849 791 3891 ecerat
874 3839 925 3892 ioes
943 3856 1003 3890 mss.
1024 3841 1127 3904 Gadis,
1154 3849 1256 3893 ortassc
1268 3841 1357 3895 Gudtr
1365 3861 1430 3896 sorr·

191 3907 290 3973 rabies]
323 3905 478 3958 Occidendis
496 3906 524 3957 in
541 3906 612 3959 Bern
629 3914 658 3957 et
675 3841 745 3958 lior.
764 3917 792 3959 et
825 3907 954 3971 bendum,
978 3915 1009 3959 ut
1030 3915 1072 3960 ast
1095 3909 1167 3978 apud
1189 3908 1304 3962 Plinium
1328 3909 1355 3962 in
1377 3911 1429 3963 tine

192 3973 275 4029 Snak.
292 3973 413 4053 omnibus
431 3973 540 4042 legitur,
565 3974 603 4026 ita
621 3990 655 4025 ue
672 3973 790 4026 Medium
825 3975 884 4028 libri
902 3989 933 4026 ιν
951 3984 1005 4028 nat.
1025 3975 1086 4028 bist.
1121 3977 1202 4046 Apud
1222 3976 1345 4029 Curtium
1362 3993 1393 4044 Χ,
1411 3987 1428 4033 3

192 4050 297 4096 secutus
314 4057 409 4112 reoepr.
440 4041 492 4094 Sed
512 4043 583 4112 quod
600 3993 667 4095 idem
686 4042 791 4095 Modius
828 4045 914 4096 Gadis
933 4044 1097 4096 aecusativus
1116 4055 1166 4110 est,
1182 4061 1269 4114 neque
1282 4047 1333 4098 huc
1347 4047 1429 4118 perti·

192 4109 271 4182 paulo
297 4117 361 4188 post
385 4109 469 4188 edidit
496 4113 614 4163 crucibus
636 4111 718 4178 uffira
741 4127 791 4179 pm
826 4121 889 4164 nent
908 4112 1005 4164 Sardis
1023 4113 1094 4181 quod
1105 4111 1235 4164 Graecum
1248 4122 1289 4166 est
1298 4111 1427 4187 Σάρδεις,

191 4179 293 4257 offici,
307 4178 369 4230 lecit
391 4177 575 4257 illuduquidem
593 4195 626 4230 ex
643 4178 789 4257 praeceptis
826 4197 885 4232 cum
903 4179 991 4232 Gades
1009 4180 1063 4232 sint
1075 4180 1115 4260 Ιτὰ
1134 4178 1267 4250 Γάδειρα.
1420 4251 1428 4263 ι

190 4247 729 4393 tttttffittffittttttt
746 4265 790 4368 lt
824 4249 1428 4390 ,tltlttttuttttttlbtttlt

187 4384 290 4436 babent
311 4381 429 4450 uum„
454 4383 499 4435 sed
522 4391 551 4435 et
571 4383 690 4435 meliores
713 4384 788 4436 codd.
824 4401 877 4436 non
894 4401 1012 4453 possum:
1034 4383 1143 4455 pluralis
1166 4403 1290 4440 numerus
1308 4389 1429 4442 abundu-
