3324 5054
157 305 158 310 ‘
194 343 198 352 «
243 297 301 378 rt
723 322 757 386 Q·
785 322 909 375 consu
932 323 1018 376 nuru
1086 375 1090 382 .

251 514 354 592 runt,
386 512 428 574 ut
458 526 597 602 regem,
641 530 748 603 quem
779 503 898 607 Syria,
930 531 1036 603 quem
1067 505 1245 580 Phoenice
1282 508 1485 606 recepisset,

252 612 320 711 ipsi
355 637 498 710 quoque
532 617 658 692 urbem
689 619 824 692 intuere
855 626 1074 714 paterentur,
1124 616 1177 689 At
1210 618 1261 689 iili
1292 619 1372 690 loeo
1397 619 1520 690 satis?

252 721 319 812 fisi,
345 723 569 800 obsidionem
595 721 687 802 ferre
713 727 955 799 decreverant

203 837 225 908 8
355 832 532 934 Namque
553 837 678 910 urbem
709 859 732 906 a
757 831 951 906 eontinenti
986 840 1156 927 quattuor
1188 831 1385 906 stadiorum
1420 839 1488 908 sre-

253 956 332 1018 tum
357 945 504 1019 dividit:
530 946 653 1018 Africo
678 943 833 1014 maxime
859 943 1053 1033 obiectum,
1079 941 1223 1014 crebros
1250 966 1296 1014 ex
1323 943 1396 1014 alto
1423 945 1488 1014 flu·

254 1067 333 1130 etus
358 1057 397 1128 in
422 1055 507 1126 litus
518 1053 679 1165 oevoivit
718 1050 794 1126 Neo
818 1052 1022 1150 accipiendo
1047 1053 1157 1151 operi,
1182 1079 1254 1151 quo
1271 1050 1524 1126 Macedonesss

254 1163 451 1240 eontinenti
476 1161 629 1234 insulam
653 1161 801 1263 iungere
827 1164 1012 1262 parabant,
1038 1164 1225 1260 quioquem
1252 1165 1365 1262 magis
1380 1189 1490 1260 quem

192 1318 196 1324 ·
254 1276 313 1347 ille
344 1282 476 1345 ventus
506 1271 686 1347 obstabat
739 1271 878 1372 Quippe
910 1273 973 1346 vix
1004 1272 1075 1344 leni
1106 1283 1144 1344 et
1174 1274 1366 1366 tranquillo
1397 1276 1489 1346 meri

253 1383 367 1455 moles
401 1382 459 1481 egi
491 1395 659 1482 possunt,
690 1383 832 1457 Africus
868 1407 954 1456 vero
987 1381 1104 1478 prime
1129 1405 1292 1478 quaeque
1317 1395 1491 1480 congesta

255 1493 362 1592 pulsu
394 1493 487 1567 illisa
520 1496 611 1567 meri
642 1494 797 1567 subruit:
834 1517 901 1566 neo
931 1491 1005 1566 ulia
1035 1503 1111 1565 tam
1143 1493 1247 1565 firme
1277 1493 1390 1566 moles
1422 1505 1489 1582 est,

256 1629 364 1702 quem
388 1629 464 1678 non
489 1603 646 1678 exedent
672 1605 789 1677 undae
814 1613 852 1677 et
874 1629 940 1700 per
973 1627 1089 1676 nexus
1115 1629 1265 1700 operum
1290 1613 1490 1694 manantes,

158 1801 160 1808 ¹
257 1725 304 1806 et,
330 1715 393 1787 ubi
418 1715 533 1788 aerior
557 1715 666 1786 fletus
692 1713 831 1801 existit,
862 1714 991 1785 summi
1016 1714 1134 1810 operis
1160 1713 1303 1810 fastigio
1329 1716 1490 1813 supersu-

257 1849 328 1896 see
371 1821 521 1896 Praeter
546 1821 640 1894 hono
665 1821 909 1895 difficultatem
934 1819 1032 1894 baud
1056 1822 1172 1893 minor
1198 1823 1268 1895 alie
1294 1835 1388 1896 eret:
1413 1849 1526 1897 mus

191 1937 194 1944 '
257 1957 318 2008 ros
350 1944 540 2030 turresque
578 1932 676 2006 urbis
711 1932 909 2030 praealtum
946 1956 1045 2004 mere
1077 1932 1271 2006 ambiebat:
1310 1958 1385 2006 uon
1418 1944 1491 2007 tor·

257 2054 387 2118 mente.
416 2044 486 2117 nisi
517 2069 538 2118 e
568 2043 721 2116 navibus
759 2044 883 2141 procui
922 2064 1075 2114 excusse
1112 2043 1220 2132 mitb‘,
1260 2069 1335 2116 non
1373 2045 1492 2116 senine

258 2291 857 2358 tulitlibrisinventumeet,utvixialis
890 2291 1085 2346 ePliuiinet.
1111 2291 1493 2362 histmm,10§154

259 2360 320 2416 libri
337 2359 422 2432 qualia
439 2368 481 2413 est
497 2359 586 2414 Pur
605 2361 749 2414 auotoritas
767 2377 857 2432 super·
891 2361 982 2414 isudet
1001 2359 1194 2428 Obulcopionos
1212 2363 1305 2416 illisa
1322 2364 1395 2416 uerit
1411 2365 1494 2415 tinni-

260 2429 296 2484 eit
313 2445 367 2500 (1¹¹⁸.
384 2427 540 2482 vooebulum
557 2429 723 2483 defendatur.
741 2429 800 2482 Neo
818 2437 858 2482 te·
893 2439 945 2481 tum
961 2429 1061 2494 reddit,
1086 2429 1234 2498 tropoedis,
1258 2437 1287 2482 et
1303 2432 1430 2498 suadent,
1445 2447 1494 2499 qe-

260 2513 323 2552 men
344 2495 463 2566 ineptum
490 2495 694 2550 existimandum
721 2505 769 2551 est
808 2499 858 2551 Di-
892 2498 999 2550 stende,

261 2567 356 2620 missor
383 2563 460 2618 unioe
480 2581 572 2618 veum
593 2573 648 2632 est,
670 2566 717 2620 sed
734 2568 859 2620 danistae
927 2574 955 2618 et
975 2581 1024 2632 per
1044 2581 1138 2618 namn
1159 2581 1265 2634 operm
1289 2573 1440 2630 mutes,
1467 2575 1494 2618 et

261 2633 361 2704 legitur
379 2633 409 2688 in
432 2631 511 2686 Bern
533 2634 561 2687 A
582 2632 653 2686 Flor.
671 2634 722 2688 ΔΒ
740 2633 814 2688 leid.
831 2641 860 2686 et
893 2634 938 2686 ubi
954 2634 1043 2685 amtor
1097 2642 1139 2686 tus
1155 2635 1243 2686 existit
1260 2635 1355 2688 summi
1371 2651 1411 2702 op.
1420 2635 1494 2702 fast.

262 2704 385 2758 aarum
401 2700 430 2755 in
446 2702 522 2755 Voss.
543 2710 555 2754 1
575 2702 706 2756 mendose.
895 2703 1070 2780 rupeffusue.
1118 2698 1203 2754 codd.
1229 2701 1349 2754 meliores
1374 2709 1403 2753 et
1428 2701 1494 2752 edit

298 2773 322 2850 §-
341 2776 365 2822 7.
397 2772 566 2823 decreverant
591 2769 620 2823 in
636 2769 768 2841 plerisque
785 2771 861 2824 codd.
955 2786 977 2822 o.
994 2778 1018 2822 et
1031 2784 1081 2836 per
1092 2769 1199 2834 eresbur,
1217 2785 1302 2839 neque
1318 2776 1378 2822 eret
1394 2768 1496 2822 eurAl·

262 2853 328 2892 meis
351 2844 381 2890 et
403 2835 485 2890 Sunt.
510 2837 622 2906 legitur,
649 2838 782 2917 habetque
803 2855 863 2890 eam
895 2787 994 2889 diridet
1015 2834 1181 2906 insequentes
1202 2836 1316 2890 editores
1367 2835 1406 2890 'us
1429 2836 1496 2889 illud

263 2904 481 2976 signifioetiouem
498 2913 530 2957 ut
547 2904 613 2957 certi
627 2905 679 2958 iem
687 2905 863 2976 destinatique
896 2915 929 2968 et,
952 2903 993 2956 eui
1014 2905 1157 2974 respondet
1181 2903 1306 2970 eitenun,
1391 2913 1496 2958 nerent.

261 2971 356 3044 Tyrii,
382 2971 428 3044 qui
506 2980 608 3026 veteres
632 2971 751 3026 Greeoee
776 2973 863 3053 gentis
896 2973 990 3026 Naue
1008 2971 1035 3024 iu
1052 2973 1127 3026 oodd.
1144 2971 1216 3026 Fior.
1232 2971 1323 3026 DFGI
1339 2981 1417 3026 extat
1432 2981 1463 3027 et
1478 2990 1498 3026 ι

79 3049 82 3056 “
191 3047 193 3052 ’
264 3041 359 3095 eemnii
388 3040 424 3094 ed
467 3041 613 3094 exeudnun
630 3040 743 3111 profeoti
757 3041 862 3094 videsn—
895 3039 1074 3094 Freinshemio
1094 3048 1166 3094 reete
1186 3047 1280 3094 onnus
1295 3039 1431 3106 Medium,
1454 3057 1498 3096 re·

161 3138 164 3144 ·
264 3119 317 3163 tur.
352 3081 435 3179 iulg.
453 3111 620 3162 decreverunt
642 3126 695 3162 non
712 3109 863 3172 defenditur
896 3107 1112 3178 voemtemquod
1120 3105 1498 3181 inteiligiuonpossitenixus,

155 3221 158 3230 .
264 3177 316 3232 nisi
332 3177 410 3230 Voss.
426 3183 452 3244 2,
470 3177 504 3230 de
521 3193 575 3246 quo
593 3175 658 3229 nihil
675 3185 797 3230 notatum
813 3185 862 3230 est.
897 3177 1031 3230 defensum
1057 3183 1110 3228 est:
1142 3184 1205 3229 suut
1229 3177 1298 3231 enirn
1325 3179 1351 3232 ln
1374 3177 1391 3230 i.
1414 3195 1497 3230 nexus

301 3245 367 3314 Cep.
390 3251 420 3310 8,
445 3248 467 3312 ξ’.
493 3252 516 3296 7.
540 3245 642 3314 evolvit]
675 3244 761 3308 ¹Quod
783 3245 863 3314 vulgo
896 3261 964 3314 quae
980 3261 1036 3314 oep.
1055 3250 1086 3297 11
1105 3252 1174 3297 extr.
1191 3261 1327 3314 conrpaqes
1345 3248 1433 3314 operis
1451 3263 1498 3298 vo-

146 3365 149 3370 ,
248 3311 365 3383 'legitur
389 3313 509 3380 evolvens:
527 3329 580 3365 non
601 3319 643 3365 est
665 3313 692 3366 in
715 3313 812 3367 uostris
835 3323 864 3366 et
898 3319 997 3366 eantur.
1024 3310 1104 3374 Quod
1121 3311 1239 3382 sequitur
1255 3315 1343 3367 existit
1359 3331 1409 3384 pro
1425 3311 1499 3382 vulg.

267 3380 349 3434 Snek
368 3379 498 3434 oodioibus
516 3379 565 3432 nisi
582 3379 610 3432 in
625 3380 694 3434 Flos.
706 3381 864 3434 Eexemen-
898 3381 981 3432 extitit
999 3379 1089 3434 Modio
1114 3388 1259 3450 praeeunte
1279 3381 1350 3434 edidi
1373 3380 1499 3452 plurimo-

265 3447 391 3512 dstione,
414 3463 500 3518 neque
516 3463 548 3500 ee
565 3465 633 3527 opus
650 3455 691 3502 est
708 3449 807 3520 si-poet
824 3451 865 3503 di·
898 3465 957 3501 rum
974 3449 1049 3501 codd.
1068 3447 1146 3500 iidem
1161 3455 1275 3502 eeorrtus.
1299 3451 1499 3502 Smnmieotem

267 3517 333 3570 vidit
351 3514 450 3568 maiore
467 3514 636 3568 distinctione
653 3515 865 3588 inter-pungatur.
898 3515 958 3570 iibri
975 3531 1064 3570 omnes
1080 3523 1201 3582 servent,
1224 3535 1272 3586 pro
1294 3535 1348 3588 quo
1364 3516 1499 3571 Aoidulius

268 3583 323 3638 Sed
341 3583 464 3652 d'uplioet
480 3590 570 3635 temen
592 3585 664 3653 quod
680 3585 777 3637 fletum
793 3585 864 3638 evol·
897 3603 995 3638 emmo
1011 3582 1111 3650 voluit,
1128 3583 1196 3638 sieut
1212 3603 1339 3638 smmwn
1351 3586 1427 3653 sesti
1445 3587 1499 3638 ium
1549 3585 1553 3594 '

267 3667 330 3705 vere
343 3651 440 3704 fluctus
457 3649 565 3717 dicitur,
583 3651 655 3720 quod
669 3660 763 3706 ventus
776 3653 864 3706 efficit.
898 3651 995 3722 legitur
1018 3666 1047 3717 v,
1065 3657 1081 3704 t
1103 3660 1132 3704 et
1148 3665 1201 3719 vu,
1222 3659 1268 3719 12,
1291 3653 1339 3706 sed
1359 3670 1396 3722 qu
1457 3661 1500 3705 est

267 3720 364 3791 leque
380 3721 491 3773 tortasse
508 3721 630 3772 wolventi
647 3720 835 3790 corrigendum.
899 3737 1027 3772 summum
1043 3719 1190 3790 festigium,
1212 3719 1281 3773 idem
1302 3719 1396 3774 summi
1412 3720 1500 3790 operis

268 3791 326 3910 mg.
349 3794 374 3842 8.
392 3789 474 3858 pulsu
501 3789 574 3840 illisa
596 3789 667 3840 mori
691 3789 803 3858 submit]
822 3789 867 3842 Sic
899 3787 1032 3858 fastigium
1043 3796 1094 3854 est,
1103 3795 1131 3842 et
1147 3805 1226 3858 perse
1242 3788 1341 3842 dicenti
1358 3797 1500 3859 utnmique

318 3857 344 3908 d.
361 3872 452 3909 omues
469 3863 574 3926 praeter
589 3854 647 3908 Pui.
666 3863 679 3910 1
698 3855 726 3909 in
743 3875 795 3927 quo
811 3875 866 3910 mo·
899 3857 1024 3909 abundet

268 3927 309 3978 ris
329 3940 386 3976 esse
407 3923 511 3976 dieitur.
547 3923 606 3977 Hoo
627 3923 697 3977 idem
713 3926 867 3978 emendare·
936 3927 958 3991 ς.
983 3931 1006 3978 9.
1029 3941 1081 3976 non
1106 3933 1232 3977 tomento
1250 3955 1284 3966 -
1302 3926 1381 3994 mitti]
1409 3924 1500 3994 Vulgo

213 4023 215 4026 ·
267 4001 312 4046 ret
329 3990 445 4071 Μοᾱίυς,
484 3990 551 4044 Mihi
578 4000 667 4044 eutem
689 4010 742 4046 uon
765 3993 869 4046 videtur
902 3995 982 4045 euritii
1004 3991 1202 4070 advertentibus
1224 3991 1296 4045 libris
1321 4010 1381 4046 mss.
1404 3993 1501 4046 uostris

268 4063 869 4208 intituttttttteftttttt
901 4059 1502 4208 {fflffiissii’ubsffiffiidi'diiii

268 4204 364 4249 ventus
387 4195 450 4248 dum
480 4204 601 4248 extentis
624 4213 743 4276 quaeque
767 4207 820 4250 rcus
842 4215 868 4249 ιιι
902 4212 1015 4248 excussis
1042 4197 1093 4248 dier
1119 4212 1153 4248 ex
1175 4195 1294 4250 Caesaris
1321 4197 1394 4252 bbns
1417 4198 1501 4250 lexim

268 4281 342 4317 mere
358 4262 448 4317 deiieit
465 4272 493 4316 et
511 4263 677 4344 praecipitet;
696 4267 868 4318 adimentem
902 4265 1012 4319 docent:
1031 4281 1072 4316 ex.
1090 4281 1129 4332 gr.
1150 4265 1241 4318 eonfer
1258 4265 1319 4318 bell.
1337 4266 1385 4318 civ.
1404 4281 1446 4330 ιιι,
1465 4271 1497 4317 51

269 4350 323 4386 uon
339 4332 417 4386 modo
434 4340 497 4386 sunt
513 4349 580 4412 quae
594 4331 867 4398 rneiiudiniieiuntur,
903 4341 1001 4384 tantum
1018 4334 1109 4384 uberet
1126 4351 1143 4384 a
1161 4344 1249 4386 nostro
1267 4335 1500 4386 castellonium

268 4401 317 4456 sed
333 4399 414 4455 etiem
430 4401 493 4467 iota,
511 4409 579 4454 srcut
595 4399 757 4456 Fomeliinus
772 4401 800 4454 in
817 4401 868 4454 lex.
903 4409 1081 4453 constantemve
1097 4403 1204 4454 missum
1221 4404 1297 4472 adipi
1314 4420 1365 4455 non
1377 4411 1476 4470 postet
