3354 5052
244 349 318 420 448
709 345 752 424 Q?
770 357 893 413 canan
917 359 1002 412 nun

243 547 302 643 gia
327 544 513 616 submersa
537 553 638 634 sunt;
669 544 811 634 leviora,
838 567 919 616 cum
945 552 983 614 et
1008 541 1086 638 ipsa
1111 547 1302 642 nequirent
1326 548 1412 645 regi,
1437 547 1478 621 in

242 656 356 752 ripam
382 663 502 726 tamen
528 654 672 727 innoxia
696 657 846 753 expulsa
872 663 967 728 sunt
1022 651 1104 750 Ipse
1135 679 1203 728 rex
1232 658 1270 730 in
1295 657 1479 756 rapidissi-

242 790 320 838 mos
346 766 497 838 vertices
522 765 663 838 incidit:
689 768 815 863 quibus
841 767 975 839 intorta
1002 765 1106 838 navis
1127 767 1274 863 obliqua
1290 779 1328 842 et
1348 770 1480 866 guber·

134 873 135 876 ’
243 876 360 947 nnculi
385 877 572 974 impatiens
598 877 778 973 agebatur.
830 875 905 949 lam
931 887 1070 950 vestem
1095 872 1306 950 detraxerat
1324 879 1479 976 corpori,
1501 896 1532 943 ιι

242 987 464 1085 proiecturus
490 997 604 1060 semet
629 988 665 1057 in
690 987 836 1076 flumen,
868 989 1056 1084 amicique,
1082 998 1125 1060 ut
1149 988 1358 1084 exciperent
1383 1013 1480 1076 eum,

243 1094 341 1168 haud
366 1080 495 1192 ‘procul
521 1096 671 1185 nabunt,
709 1097 974 1194 apparebatque
1005 1121 1137 1195 anceps
1169 1097 1367 1196 periculum
1401 1107 1481 1168 tam

242 1205 408 1294 nataturi,
435 1227 541 1300 quam
567 1207 735 1302 navigare
759 1209 1030 1303 perseverantis.
1079 1208 1175 1306 Ergo
1201 1207 1338 1306 ingenti
1363 1215 1481 1279 certa·
1503 1225 1534 1272 u

175 1399 179 1406 ¹
242 1317 336 1388 mine
362 1314 543 1387 concitant
567 1340 698 1406 remos,
736 1327 938 1413 quanteque
963 1319 1018 1390 vis
1045 1317 1203 1390 humana
1229 1341 1308 1390 esse
1334 1325 1483 1414 poterat

242 1425 389 1500 admota
414 1435 484 1515 est,
510 1436 553 1498 ut
576 1426 720 1517 fluctus,
746 1425 805 1523 qni
831 1437 870 1498 s'e
895 1427 1130 1519 invehebant,
1165 1427 1481 1504 everberurentur.

243 1535 346 1612 Findi
377 1534 540 1610 crederes
572 1533 703 1628 undas,
741 1547 777 1610 et
811 1546 909 1610 retro
947 1540 1109 1637 gurgites
1147 1537 1283 1613 cedere.
1337 1534 1481 1626 Quibus
1502 1555 1535 1603 ιι

241 1648 388 1724 tandem
412 1647 515 1720 navis
542 1657 679 1744 erepta,
716 1673 788 1720 non
813 1657 934 1720 temen
966 1649 1066 1747 ripae
1092 1649 1311 1746 applicatur,
1348 1646 1413 1720 sed
1436 1647 1481 1720 in

233 1758 444 1861 proximum
475 1755 609 1830 vedum
638 1757 792 1830 illiditur.
844 1754 935 1832 Cum
966 1758 1063 1832 amni
1097 1758 1232 1832 bellum
1262 1758 1371 1830 firisse
1402 1782 1481 1832 cre-

241 1873 355 1946 deres.
407 1863 504 1966 Ergo
530 1866 600 1940 aris
626 1893 691 1965 pro
716 1891 863 1942 numero
897 1869 1085 1944 fluminum
1111 1868 1254 1968 positis,
1289 1869 1481 1942 sacrificio·

241 2009 310 2084 que
335 1983 547 2086 facta-xxx
573 1978 689 2051 stadia
713 1981 895 2076 processit.

192 2099 238 2169 16
341 2091 431 2170 Inde
456 2101 605 2167 ventum
630 2101 685 2163 est
709 2089 746 2164 in
770 2089 952 2188 regionem
977 2087 1254 2190 Oxydmearum
1270 2087 1480 2164 Mallorum·
1502 2111 1535 2158 re

241 2230 321 2303 que,
345 2231 435 2304 quos
449 2203 536 2278 elias
555 2201 687 2276 bellare
705 2200 798 2274 inter
822 2225 862 2274 se
888 2202 1011 2298 solitos
1038 2211 1125 2274 tunc
1150 2201 1297 2300 periculi
1320 2201 1477 2296 societas

239 2317 417 2391 iunxerat.
460 2313 664 2412 Nonaginta
687 2313 782 2385 milia
798 2311 974 2386 iuniorum
1000 2309 1162 2410 peditum
1178 2312 1216 2384 in
1232 2312 1341 2386 ermis
1359 2321 1478 2403 erent,

211 2437 382 2524 ¹praeter
407 2427 473 2501 hos
500 2424 658 2522 equiturn
681 2449 707 2496 x
734 2423 837 2515 milia,
863 2432 1137 2522 nongentaeque
1164 2421 1368 2522 quadrigae
1420 2421 1479 2496 Ac
1500 2441 1533 2490 ιι

238 2535 463 2628 Macedones,
489 2536 550 2634 qui
576 2535 670 2606 omni
696 2533 894 2608 discrimine
919 2535 990 2607 iam
1017 2532 1205 2607 defunctos
1232 2557 1272 2607 se
1297 2559 1377 2608 esse
1399 2559 1478 2607 cre-

238 2647 413 2737 diderant,
438 2657 629 2745 postquam
653 2646 829 2744 integrum
854 2645 988 2719 bellum
1007 2670 1088 2718 cum
1107 2644 1335 2720 ferocissimis
1349 2643 1476 2735 Indiae

238 2758 404 2858 gentibus
444 2779 630 2854 superesse
669 2766 927 2854 cognoverunt,
973 2755 1168 2854 improviso
1185 2793 1187 2798 ·
1207 2767 1308 2830 metu
1345 2756 1475 2847 territi,

239 2895 362 2944 rursus
388 2866 563 2942 seditiosis
589 2866 734 2940 vocibus
760 2891 881 2965 regern
912 2867 1097 2964 increpare
1129 2880 1344 2965 coeperunt:
1376 2863 1474 2942 Gan·
1496 2889 1529 2936 ιι

237 3135 454 3204 tiseditionibus,
472 3137 648 3191 automatum
683 3153 771 3190 rorsue
785 3135 830 3191 de·
900 3135 967 3206 cap.
978 3141 1019 3202 lt,
1037 3138 1061 3205 ς.
1072 3141 1113 3190 15.
1148 3138 1177 3190 in
1194 3155 1223 3191 re
1242 3139 1327 3192 innan
1346 3136 1472 3205 Oxydra-

237 3215 288 3272 est,
306 3206 331 3260 id
348 3205 419 3276 quod
435 3204 464 3258 in
481 3204 653 3259 sloeusffl
721 3223 764 3258 um
780 3214 830 3274 est,
864 3207 967 3275 curam]
1002 3203 1047 3258 Sic
1068 3205 1169 3276 primus
1186 3156 1281 3260 Aldus.
1315 3203 1386 3260 Nem
1406 3220 1471 3259 mes.

237 3275 300 3329 item
320 3273 348 3327 in
369 3274 450 3328 Bern.
468 3273 492 3326 B
510 3274 619 3328 Vocat
643 3272 699 3326 Pel
714 3281 737 3328 1.
771 3274 832 3330 Hoc
864 3271 961 3345 ubique
980 3273 1171 3328 Sudracarum.
1198 3275 1314 3328 Videtur
1330 3273 1381 3328 boc
1398 3271 1471 3326 enti-

236 3342 344 3397 Modius
361 3349 464 3396 scmus
481 3349 540 3396 eret
557 3341 586 3395 iu
603 3341 725 3395 editione.
883 3340 1016 3394 dissimum
1042 3342 1169 3394 mendum
1194 3359 1268 3407 mse,
1300 3359 1363 3398 nam
1386 3340 1470 3395 etiam

270 3411 453 3479 rapidissimos
469 3411 589 3480 ceticae]
624 3410 692 3463 Edd.
714 3412 829 3464 aarum.
892 3408 977 3464 iodori
1003 3409 1104 3464 codices
1132 3409 1216 3464 simile
1242 3409 1307 3482 quid
1338 3409 1471 3465 exhibent

236 3478 305 3532 Vide
321 3495 402 3548 supra
418 3477 452 3530 ud
469 3492 532 3544 vm,
551 3485 584 3532 45
603 3486 671 3532 extr.
865 3477 1035 3550 στρατεύσας
1052 3480 1317 3551 ἐπὶΣνρακούσσαι.
1344 3477 1471 3548 Oxydra-

270 3569 342 3632 nu.
377 3565 421 3632 qa·
437 3579 466 3616 ιι
483 3563 644 3632 intaeta]
675 3561 829 3633 stepanus
864 3563 954 3626 mun
975 3554 1064 3625 umen
1086 3563 1177 3600 verum
1194 3546 1245 3600 te
1263 3544 1396 3626 saecum
1417 3563 1470 3626 με»

235 3631 321 3685 Aldus
337 3629 430 3697 edidit,
448 3629 609 3700 antiquiores
622 3629 691 3684 eninr
702 3633 747 3701 qui
760 3633 789 3683 in
801 3649 829 3685 se
864 3631 924 3667 ”¹⁰¹¹
941 3615 1084 3678 Afflifflffl·
1102 3614 1211 3683 ὃιῐιιιὯι
1230 3615 1356 3684 0¹⁰⁸¹¹¹⁵e
1373 3611 1470 3668 Phfl0·

236 3701 397 3752 vetabantur.
432 3697 516 3752 codd
543 3699 661 3770 plerique
684 3701 730 3769 qui
752 3701 780 3751 in
801 3717 829 3752 se
864 3691 964 3738 imm
982 3691 1135 3764 mimia,

235 3769 365 3847 mebant,
383 3767 429 3819 sed
446 3775 508 3820 sunt
525 3777 613 3858 tgmen
629 3767 678 3849 qui
692 3783 751 3820 cunr
761 3767 830 3848 Md?
897 3751 1165 3879 ἔθ’ῑαθῑῦῑαψῖαἷ]
1194 3749 1271 3828 Μ’
1298 3758 1343 3839 ⁰⁸,
1359 3757 1468 3836 vem

235 3833 579 3980 attrectabit·
588 3836 830 3957 luuram
864 3827 1468 3982 t.1.ttt.t;“.uttumtutl

235 3973 313 4025 iidem
335 3979 390 4024 tres
411 3969 472 4024 lrbri
485 3973 606 4038 findere,
633 3971 703 4025 Flor.
720 3971 744 4024 F
760 3975 830 4025 ecio-
864 3969 1174 4040 ltsquecumllrodonrs
1185 3967 1467 4027 nlrtovrccivo'm-

234 4044 303 4096 dere.
320 4039 396 4092 mele.
426 4038 495 4092 Tum
512 4042 587 4108 ripae
603 4042 752 4110 applicatur
768 4057 828 4094 mse.
865 4044 1015 4111 uacpvptmv
1042 4048 1177 4106 numeret,
1219 4047 1325 4110 poterut
1352 4040 1467 4093 sorum

234 4124 334 4170 omnes,
353 4105 417 4160 editi
435 4109 624 4177 applicabatur.
648 4177 653 4188 ι
862 4107 933 4188 apud
959 4106 1082 4187 Curtium
1113 4109 1245 4186 octoyipta
1274 4109 1350 4161 mitia
1376 4105 1466 4186 scribi,

234 4175 827 4314 at...¹.⁴.·f.tt²...tftl.ilt”tttttt
861 4193 913 4314 tt.
932 4173 1467 4298 t¹⁸tn2..·:⁰t¹ttlbt.tltt⁸.t¹t

233 4313 342 4368 Vosal
371 4310 443 4364 Flor.
461 4311 510 4364 ΑΒ
536 4313 683 4382 praebent,
714 4331 827 4434 pactum
861 4312 1042 4383 septingentos
1059 4319 1164 4364 tantum
1180 4329 1271 4366 currus
1289 4311 1379 4380 babet,
1396 4311 1467 4366 Cur-

233 4379 388 4436 euctoritate
401 4387 461 4434 tuto
472 4379 554 4452 recipi
570 4381 665 4451 potuit
692 4380 713 4434 C
743 4383 826 4450 adrv,
861 4381 913 4434 tius
931 4389 1091 4450 nongentos.

233 4459 267 4506 tt
283 4469 325 4521 pr.
894 4451 918 4517 5.
928 4455 969 4502 17.
1006 4450 1119 4518 Gangen
1136 4449 1250 4520 amnem]
1280 4449 1396 4520 Ganpca
1409 4445 1466 4503 bl.
