3260 5042
556 331 605 382 na
634 331 898 384 ensrrs‘nnnx.
925 333 976 403 m,
1003 331 1046 382 se.
1360 315 1409 386 53

163 519 236 607 que
271 511 318 602 ab
351 507 589 613 Hellesponto
621 515 670 588 ad
702 511 887 586 Oceanum
927 539 1052 587 omnes
1093 527 1219 614 gentes
1262 517 1415 591 victoria

114 645 146 692 ra
164 645 344 694 emensus.
381 620 441 698 Sic
467 626 613 697 vicisset
637 623 799 721 profecto
827 623 1033 722 superbiam
1058 633 1166 720 atque
1192 628 1292 717 iram,
1318 629 1414 700 mala

77 767 81 775 ·
161 730 317 806 invicta:
357 735 408 807 sic
447 735 680 806 abstinuisset
710 735 804 808 inter
843 735 967 834 epulas
1001 734 1168 808 caedibus
1208 737 1413 826 amicorum,

163 845 400 942 egregiosque
426 843 523 915 bello
549 843 648 918 viros
674 856 713 920 et
736 856 794 920 tot
818 847 980 942 gentium
1012 871 1114 918 secus
1140 846 1336 920 domitores
1363 847 1414 919 in·

111 953 263 1028 radiata
295 978 405 1026 causa
436 955 573 1028 veritus
614 967 710 1029 esset
741 955 913 1030 occidere.
967 951 1039 1028 Sed
1074 955 1233 1028 nondum
1269 959 1415 1030 fortuna

162 1091 203 1138 se
232 1064 352 1136 animo
379 1065 456 1137 eius
484 1065 749 1164 superfuderat:
775 1067 895 1163 itaque
918 1068 1096 1139 orientem
1123 1091 1202 1139 eam
1228 1065 1414 1140 moderate

162 1184 202 1247 et
241 1171 441 1272 prudenter
480 1177 581 1266 tulit,
621 1173 669 1248 ad
706 1177 872 1250 ultimum
910 1176 1194 1273 magnitudinem
1229 1179 1305 1250 eius
1339 1203 1414 1250 non

163 1285 272 1384 cepit.

111 1415 144 1462 as
270 1395 373 1468 Tunc
398 1395 545 1490 quidem
571 1397 623 1468 ita
648 1422 687 1470 se
712 1397 832 1495 gessit,
871 1407 915 1469 ut
940 1407 1175 1471 omnes‘ante
1201 1423 1285 1472 emn
1310 1422 1414 1495 reges

163 1519 204 1581 et
231 1507 453 1580 continentia
478 1517 517 1579 et
542 1507 731 1580 clementia
755 1507 926 1580 vinceret.
979 1505 1146 1605 Virgines
1178 1510 1320 1607 reginas
1353 1533 1414 1580 ex·

162 1617 327 1692 cellentis
365 1617 503 1692 formae
541 1627 616 1688 tam
653 1627 775 1690 sancte
805 1618 942 1708 habuit,
978 1641 1087 1714 quam
1119 1621 1150 1692 si
1181 1618 1310 1693 eodem
1342 1643 1413 1714 quo

110 1730 243 1827 seipse
269 1735 419 1826 parente
446 1727 589 1824 genitae
615 1728 749 1801 forent:
775 1729 964 1827 coniugem
991 1728 1160 1822 eiusdem,
1186 1754 1295 1828 quem
1315 1729 1415 1800 nulla

161 1839 296 1912 aetatis
323 1863 410 1912 suae
434 1837 701 1936 pulchritudine
726 1839 885 1938 corporis
911 1841 1008 1929 vicit,
1042 1838 1134 1914 adeo
1159 1842 1237 1939 ipse
1262 1865 1338 1912 non
1362 1838 1414 1912 vi·

162 1951 289 2040 elavit,
314 1959 357 2022 ut
382 1973 560 2022 summam
586 1947 790 2023 adhibuerit
814 1973 947 2040 curam,
981 1974 1028 2022 ne
1061 1951 1140 2046 quis
1166 1951 1311 2048 captivo
1338 1974 1414 2022 cor·

110 2093 143 2143 2³
161 2061 246 2160 pori
271 2057 453 2132 illuderet:
481 2084 625 2132 omnem
643 2061 780 2133 cultum
800 2059 908 2133 reddi
933 2061 1073 2133 feminis
1099 2061 1212 2150 iussit,
1238 2059 1414 2156 necquic-

163 2161 276 2268 quam
302 2195 351 2244 ex
384 2171 556 2269 pristinae
582 2170 748 2244 fortunae
779 2165 1044 2270 magnificentia
1070 2173 1231 2269 captivis,
1270 2181 1414 2268 praeter

111 2309 144 2356 as
162 2279 345 2371 fiduciam,
372 2280 496 2355 defuit.
548 2278 676 2376 ltaque
697 2277 933 2382 'Sisygambis
958 2307 1028 2371 rere,
1054 2283 1178 2378 inquit,
1204 2281 1352 2370 rnerers'a²
1378 2289 1416 2352 ut

162 2415 206 2464 ea
226 2416 408 2489 precemur
434 2391 501 2482 ati,
527 2415 612 2491 qaae
637 2391 755 2466 Dareo
780 2391 1087 2490 nostroqaondum
1108 2405 1263 2489 precatae
1275 2415 1413 2464 sumum

162 2513 204 2593 et,
231 2513 269 2574 ut
292 2503 399 2594 tadeo,
424 2502 548 2600 danae
573 2526 618 2592 ec,
644 2501 705 2600 qai
727 2514 854 2576 umam
878 2527 990 2601 repom
1014 2501 1263 2602 nonkseliadtrte
1297 2499 1414 2600 solam,
1511 2615 1530 2636 .
1598 2465 1605 2478 ¹

162 2696 575 2828 temerant
591 2695 774 2816 retiret}
809 2692 1089 2814 att-..transt
1105 2689 1412 2836 ltlffittfftel

164 2829 223 2883 bris
249 2829 346 2883 nostris
372 2832 399 2883 εἰ
429 2839 545 2900 utroque
574 2830 633 2884 loco
660 2829 773 2900 legatur,
808 2839 884 2882 cerer.
920 2827 1129 2899 Sigebergensis,
1165 2843 1244 2897 quem
1269 2825 1332 2880 shbr
1355 2841 1413 2879 rure

165 2915 249 2968 quem
266 2905 378 2968 rcoepts
394 2897 521 2952 Schellen‘
539 2897 723 2952 emendatione
746 2905 775 2951 et
810 2896 901 2950 laudat
922 2897 1036 2962 Modius,
1063 2898 1257 2948 convinceretur
1279 2895 1370 2958 habet,
1396 2910 1413 2946 e

164 2965 362 3020 constmctioni
388 2967 530 3020 verborum
556 2974 585 3020 et
609 2965 672 3018 fidei
693 2965 774 3020 libro·
809 2965 907 3018 uostris
934 2965 960 3018 G
991 2967 1159 3019 convinceret.
1200 2961 1413 3016 Terminationes

163 3051 228 3088 rum
245 3033 392 3087 consulere.
427 3033 499 3086 Nem
524 3033 642 3104 plerique
659 3033 773 3087 editores
808 3040 897 3086 autem
922 3033 1064 3087 verborum
1089 3031 1174 3084 minus
1195 3039 1318 3085 accurate
1342 3047 1359 3082 a
1381 3028 1413 3082 li·

164 3110 195 3155 et
213 3100 411 3154 Freinshemius
433 3101 590 3172 particulam
613 3101 773 3156 abiecerunt.
810 3100 902 3155 brasiis
920 3102 1004 3156 solere
1021 3099 1132 3172 exprimi
1150 3115 1227 3153 nemo
1245 3097 1336 3152 nescit.
1361 3097 1413 3150 Mi-

202 3173 227 3238 5.
246 3176 290 3224 20.
326 3188 355 3224 se
377 3171 467 3223 animo
493 3172 549 3224 eius
575 3172 773 3241 supersederat]
808 3187 854 3223 ror
874 3170 1025 3222 Acidalium
1047 3169 1102 3240 qui,
1129 3167 1151 3220 si
1173 3170 1286 3220 vinceret
1312 3166 1413 3236 legere-

164 3237 215 3291 sic
232 3237 318 3291 nostri
335 3245 365 3290 et
381 3237 516 3292 Snalrcnb.
534 3239 594 3294 libn'
611 3255 711 3303 omnes,
733 3247 774 3291 et·
808 3245 863 3304 tur,
880 3238 961 3291 etiarn
980 3249 1040 3290 ante
1057 3255 1085 3290 se
1106 3252 1211 3289 necesse
1233 3251 1290 3288 esse
1312 3234 1413 3288 diceret

164 3305 222 3359 ism
238 3305 299 3358 edd
318 3306 456 3388 principes.
489 3307 523 3360 In
538 3305 682 3362 Basileeusi
700 3307 775 3359 Hen-
808 3323 858 3376 pno
875 3317 936 3360 ante
954 3325 1029 3359 eum.-
1049 3303 1170 3374 intelligo
1187 3303 1258 3356 enim
1275 3302 1413 3357 consilium

164 3374 216 3428 rici
233 3373 311 3426 Petri
337 3383 379 3426 est
405 3377 549 3445 srrsadernl,
575 3376 646 3446 quod
667 3373 774 3428 Medius
809 3374 955 3428 Alexandri
972 3373 1084 3444 exprimi
1101 3372 1123 3426 si
1140 3382 1201 3426 ante
1217 3380 1412 3442 reponeretur,

165 3441 314 3508 damnarit,
341 3442 535 3496 Freinshemius
555 3459 670 3513 eumque
692 3441 774 3497 secuti
809 3443 881 3513 quod
898 3445 932 3497 ab
950 3445 975 3495 h.
994 3443 1011 3495 l.
1030 3441 1153 3495 alienum.
1188 3439 1273 3493 Porro
1295 3442 1412 3508 viryines

233 3509 355 3564 tulerunt
372 3509 476 3564 iniuria.
507 3511 577 3564 Nam
595 3511 702 3582 elegans
719 3511 775 3564 sine
808 3512 916 3580 rapinas
934 3527 969 3564 ex
986 3511 1063 3564 codd.
1081 3517 1215 3580 quotquot
1232 3507 1347 3562 melioris
1364 3525 1412 3561 no·

184 3577 250 3632 ubio
277 3577 364 3649 imago
386 3595 526 3650 prosperae
551 3579 674 3634 samanae
700 3579 775 3650 qussi
809 3586 852 3632 tce
875 3587 939 3632 sunt
965 3579 1064 3650 scripsi.
1101 3577 1181 3630 Pauci
1207 3581 1249 3644 (et
1275 3591 1291 3628 o
1316 3575 1412 3630 nostris

165 3647 255 3700 undae
272 3645 389 3700 animum
402 3665 428 3699 m
493 3647 553 3700 ntis.
576 3647 676 3702 Postea
684 3665 774 3701 omnes
809 3647 915 3718 quidem
933 3647 1014 3700 Ber-n.
1031 3648 1055 3700 B
1074 3646 1145 3700 Flor.
1158 3645 1223 3711 ΕΗ)
1242 3645 1342 3697 habent
1358 3646 1411 3697 air·

164 3722 279 3836 praeter
294 3713 365 3768 Flor.
384 3713 410 3769 G
483 3715 534 3770 ices
555 3716 639 3770 nostri
661 3733 691 3770 ac
717 3717 773 3770 sine
806 3718 882 3786 pines
901 3725 924 3768 et
941 3718 1058 3785 rapinas,
1082 3717 1153 3767 unde
1174 3713 1328 3768 coniectura
1348 3713 1412 3766 effe-

185 3783 250 3840 nbio
267 3782 349 3836 etiam
371 3783 541 3854 reliquorum,
569 3784 688 3856 quamvis
713 3783 773 3837 sile·
807 3791 880 3836 ctmn
898 3791 940 3836 est
956 3783 1084 3854 paulatim
1101 3784 1217 3852 viraines
1235 3782 1411 3850 enimreps'as.

165 3859 257 3918 antur,
276 3853 481 3920 aeterternam,
506 3853 577 3923 quod
600 3853 722 3906 mendum
740 3869 773 3906 ne
808 3851 862 3906 Sed
878 3861 971 3922 potest
988 3852 1059 3905 haud
1076 3851 1164 3916 dubie,
1183 3849 1252 3903 sicut
1268 3865 1317 3902 rea
1339 3849 1410 3918 regis

165 3919 284 3973 editores
292 3919 398 3990 quidem
409 3919 595 3974 snteModium
602 3921 773 3974 sustulerunt
808 3919 890 3973 filium
907 3920 1046 3990 signifieat,
1065 3920 1104 3972 ita
1121 3919 1201 3972 etiam
1218 3920 1313 3998 rapine
1330 3917 1411 3970 filiam

203 3991 227 4055 5.
245 3995 289 4041 21.
307 3998 370 4041 tunc
387 3990 503 4060 quidem]
521 3989 590 4043 Edd.
609 3999 662 4042 tam
680 3999 774 4044 contra
808 3989 956 4058 significare
974 3991 1055 4060 (apud
1109 3994 1164 4041 ''taa
1200 3988 1288 4038 uidem
1305 3992 1410 4038 staver-

166 4055 286 4110 omninm
312 4067 463 4110 nostrorum
488 4057 682 4111 auctoritatem.
718 4057 773 4110 Ne·
808 4059 872 4111 bum
897 4057 1017 4136 usurpari
1039 4056 1159 4126 rugatis
1181 4005 1269 4107 lexica
1290 4053 1410 4122 docent),

166 4141 221 4196 que
238 4132 346 4194 poterat
364 4125 505 4196 quicquam
526 4125 625 4180 rectius
643 4125 668 4178 b.
687 4125 706 4181 l.
722 4125 774 4180 dici
809 4141 895 4197 neque
914 4125 1097 4178 comunctione
1114 4141 1180 4194 opus
1197 4130 1246 4175 est.
1295 4129 1301 4142 ⁸

168 4209 250 4264 quam
268 4202 338 4246 tunc.
833 4197 866 4314 ἑ.
885 4199 927 4246 22.
946 4211 1023 4261 qnam
1041 4195 1076 4260 si}
1096 4192 1234 4255 Quattuor
1251 4189 1409 4243 coddFlor.

204 4264 326 4315 vinceres.
350 4263 472 4331 Viryiner
493 4265 613 4334 sepinas]
654 4264 773 4317 Vincerat
808 4262 832 4314 E
857 4261 898 4314 HI
916 4270 945 4313 et
962 4261 1079 4314 Bernss
1098 4262 1177 4330 quasi
1194 4259 1228 4312 sd
1246 4257 1410 4312 usitatiorem

166 4331 288 4384 Modiam
306 4338 414 4383 secutus
436 4329 507 4384 edidi
530 4349 580 4401 pro
599 4330 669 4402 urlg.
688 4334 773 4384 vince·
808 4332 916 4384 somnam
935 4331 1086 4383 referentes.

168 4409 269 4452 rentur.
306 4399 357 4452 Est
382 4399 489 4470 quidem
515 4399 564 4455 boc
591 4400 617 4452 in
639 4400 773 4470 plerisque
843 4402 866 4467 §-
885 4405 926 4452 24.
964 4409 986 4452 et
1006 4409 1032 4452 at
1051 4401 1123 4452 uideo
1142 4399 1239 4466 dipsas
1257 4398 1297 4462 es]
1327 4393 1409 4447 intel·
