3330 5050
188 317 262 390 368
601 351 612 375 ι
658 329 692 392 u
719 327 844 380 cuarn
869 327 955 380 num

187 513 382 602 concussit,
420 495 611 612 fundisque
645 525 683 586 et
719 515 858 614 sagittis
899 513 1203 610 propugnantium
1239 515 1434 612 plerosque

189 624 335 698 deiecit:
378 649 467 721 quos
494 625 554 698 ubi
582 623 762 723 dispersos
788 627 942 724 fugavit,
977 623 1099 696 ruinas
1125 625 1433 697 munimentorum

188 758 438 831 supergressus
466 734 512 808 ad
540 749 679 832 petram
704 736 866 812 admovit
887 736 1095 812 exercitum.
1136 731 1303 806 Ceterum
1323 735 1432 806 iuter-
1451 755 1486 800 as

189 845 357 918 veniebat
381 845 526 933 fluvius,
566 847 775 918 coeuntibus
802 849 903 944 aquis
930 873 977 920 ex
1004 847 1188 946 superiore
1220 844 1362 940 fastigio
1396 845 1432 915 in

188 958 336 1030 vallem:
375 957 564 1052 magnique
591 959 709 1052 operis
735 955 926 1030 videbatur
952 971 1027 1030 tam
1053 969 1196 1030 vastam
1222 955 1432 1054 voraginem

189 1067 344 1166 explere.
397 1064 506 1138 Caedi
532 1075 652 1136 tamen
679 1065 825 1138 arbores
851 1076 888 1138 et
920 1091 1013 1138 saxa
1043 1068 1189 1164 congeri
1221 1069 1340 1140 iussit:
1380 1067 1433 1138 in·
1452 1085 1489 1133 2⁴

188 1201 347 1275 gensque
373 1174 546 1248 barbaros
573 1199 696 1271 pavor,
721 1176 829 1250 rudes
856 1175 904 1250 ad
931 1176 1018 1250 talia
1043 1200 1164 1274 opera,
1191 1189 1432 1266 concusserat,

190 1287 383 1359 excitatam
409 1286 539 1358 molem
566 1285 686 1359 subito
712 1299 908 1364 cernentes.

140 1401 161 1474 9
292 1395 418 1494 Itaque
443 1422 509 1472 rex
536 1395 584 1468 ad
610 1396 826 1474 deditionem
857 1415 957 1474 metu
991 1425 1098 1500 posse
1130 1399 1294 1498 compelli
1318 1409 1432 1489 ratus,
1451 1417 1489 1465 ao

190 1503 354 1582 Oxarten
380 1509 477 1582 misit
502 1508 656 1582 nationis
682 1511 851 1603 eiusdem,
877 1511 943 1586 sed
967 1510 1116 1584 dicionis
1142 1535 1240 1600 suae,
1266 1511 1327 1608 qui
1352 1535 1433 1582 sua-

191 1618 293 1694 deret
319 1619 410 1710 duci,
437 1631 478 1693 ut
503 1618 663 1694 traderet
689 1634 836 1721 petram.
889 1621 1036 1696 Interim
1062 1620 1110 1694 ad
1135 1619 1338 1720 augendam
1362 1621 1434 1694 for-
1450 1639 1489 1688 aa

190 1731 360 1805 midinem
386 1740 424 1802 et
448 1741 567 1802 turres
593 1729 888 1826 admovebantur,
915 1747 953 1806 et
978 1756 1133 1806 excussa
1152 1733 1343 1806 tormentis
1361 1731 1437 1804 teia

189 1841 379 1914 micabant.
438 1839 563 1937 Itaque
609 1842 779 1918 verticem
821 1855 966 1943 petrae,
1008 1843 1107 1916 omni
1143 1843 1214 1916 alio
1254 1840 1435 1942 praesidio

192 1953 373 2043 damnato,
409 1953 623 2050 petiverunt.
675 1953 727 2028 At
752 1952 909 2030 Oxartes
935 1955 1116 2054 trepidum
1142 1953 1435 2051 diffidentemque
1452 1969 1490 2018 2¹1

190 2065 298 2140 rebus
325 2063 398 2140 suis
425 2059 675 2164 Sysimithrem
701 2067 817 2166 coepit
842 2069 996 2158 hortari,
1024 2077 1066 2142 ut
1090 2063 1200 2140 fidem
1226 2091 1335 2164 quam
1359 2065 1436 2140 vim

190 2173 428 2250 Macedonum
464 2175 588 2248 mallet
624 2179 795 2274 experiri,
833 2205 904 2254 neu
935 2188 1139 2254 moraretur
1169 2177 1436 2252 festinationem

191 2288 338 2364 victoris
365 2287 543 2362 exereitus
557 2287 606 2392 'in
631 2287 770 2364 Indiam
800 2289 1002 2364 tendentis:
1042 2291 1100 2364 cui
1131 2289 1290 2389 quisquis
1321 2299 1438 2361 semet

193 2400 349 2490 offerret,
375 2399 412 2473 in
439 2423 545 2472 suum
570 2411 679 2498 caput
703 2402 855 2476 alienam
881 2401 1021 2476 cladem
1047 2427 1127 2477 esse
1153 2425 1352 2476 versurum.
1386 2396 1437 2472 Et
1454 2417 1491 2466 28

193 2513 270 2610 ipse
311 2510 455 2608 quidem
492 2505 724 2607 Sysimithres
769 2511 988 2588 deditionem
1030 2513 1231 2587 annuebat:
1276 2523 1437 2585 ceterum

194 2635 308 2696 mater
340 2619 534 2718 eademque
574 2621 730 2694 coniunx
766 2626 975 2699 morituram
1011 2650 1051 2698 se
1088 2635 1173 2698 ante
1210 2621 1437 2711 denuntians,

196 2757 304 2832 qnam
340 2734 377 2805 in
408 2733 513 2806 ullius
550 2730 690 2806 veniret
727 2745 960 2833 potestatem,
1002 2734 1148 2809 barbari
1184 2735 1344 2807 animum
1389 2731 1438 2806 ad

193 2843 401 2919 honestiora
438 2867 546 2941 quam
584 2842 718 2917 tutiora
758 2857 1000 2937 converterat,
1046 2843 1295 2944 pudebatque,
1333 2844 1437 2918 iiber·

196 2957 282 3048 tatis
306 2955 421 3028 maius
453 2978 532 3029 esse
565 2953 662 3052 apud
691 2955 857 3046 feminas,
889 2981 998 3053 quam
1023 2954 1122 3054 apud
1148 2956 1246 3030 viros
1272 2955 1436 3051 pretium.

194 3067 321 3166 Itaque
347 3063 492 3140 dimisso
508 3064 739 3140 internuntio
765 3067 872 3165 pacis,
899 3065 1122 3141 obsidionem
1147 3066 1241 3140 ferre
1270 3065 1434 3140 decreve
1453 3083 1488 3134 rs

183 3191 260 3255 ,rat
314 3176 386 3252 Sed
411 3202 492 3251 cum
517 3174 631 3248 hostis
659 3177 752 3251 vires
777 3203 933 3276 suasque
959 3189 1138 3277 pensaret,
1165 3201 1289 3250 rursus
1315 3174 1438 3250 mulie·

194 3292 269 3366 bris
295 3289 446 3382 oonsilii,
482 3285 579 3388 quod
611 3317 780 3392 praeceps
813 3291 926 3390 magis
953 3316 1062 3388 quam
1092 3289 1333 3364 necessarium
1359 3311 1437 3360 esse

196 3401 374 3494 credebat,
402 3403 584 3502 poenitere
599 3429 681 3479 enm
698 3402 830 3502 coepit:
857 3413 1098 3500 revocatoque
1124 3409 1270 3474 strenue
1288 3395 1437 3488 Oxarte,

231 3685 426 3756 supergressus]
462 3683 543 3738 Bern.
559 3683 585 3738 Δ
601 3681 678 3738 leid
695 3681 795 3738 Vosal
867 3683 941 3751 Μ.
968 3683 1020 3736 tcto
1032 3681 1173 3748 micabant,
1191 3679 1209 3734 i.
1217 3695 1243 3733 e.
1251 3676 1436 3757 splendebant,

196 3751 797 3876 statuerentur·
831 3748 1437 3896 maiesataam

231 3889 296 3962 Cap.
305 3898 331 3957 9,
349 3893 373 3960 ς.
383 3897 426 3945 26.
462 3891 590 3962 Oxarten]
616 3889 676 3945 Hoc
692 3889 798 3960 quidem
833 3889 972 3944 lectionem
985 3887 1080 3942 mirum
1096 3883 1437 3965 estorurooenuopesduce

196 3959 257 4015 ioco
274 3960 347 4014 varie
363 3959 440 4014 oodd.
450 3960 572 4013 Exortus
590 3958 716 4027 (ΒΜΔ
726 3957 802 4014 aloa
832 3957 925 4012 Modio
934 3955 1109 4025 deseruerint,
1127 3963 1209 4027 atque
1225 3953 1358 4008 ediderint
1374 3968 1436 4005 aas·

195 4031 224 4082 A'
246 4028 320 4082 leid.
343 4029 420 4083 Voss.
436 4033 463 4094 1)
489 4029 634 4094 Exortum,
662 4029 797 4096 osonum,
832 4028 935 4081 oubam.
1321 4091 1327 4102 Ι
1368 4091 1374 4102 .
1399 4045 1411 4102 .'

200 4099 357 4164 Oxartdum,
390 4098 528 4165 Oxarten,
561 4096 608 4150 aed
634 4095 713 4167 paulo
738 4109 800 4168 post
867 4099 891 4164 §.
905 4101 948 4150 28.
983 4097 1012 4148 io
1034 4095 1194 4148 uitiatam
1232 4101 1265 4144 ot.
1316 4107 1345 4141 m
1362 4089 1436 4142 alim

197 4183 288 4228 omnes
312 4167 432 4220 Oxartes.
467 4163 497 4220 si
518 4165 660 4220 nmmum
683 4165 799 4236 aequaris
833 4175 884 4220 oet.
894 4162 1092 4219 Proculam
1106 4161 1185 4215 Ber-n.
1232 4159 1256 4212 P
1301 4161 1436 4237 ivon,

197 4249 238 4303 ιν,
256 4241 286 4290 21
309 4235 351 4290 hio
367 4242 408 4288 eat
427 4235 565 4304 Oxyartes,
583 4234 635 4288 ianr
652 4235 800 4288 sooerAle·
853 4235 907 4288 uod
930 4232 992 4288 ferri
1013 4239 1109 4303 potest
1145 4229 1200 4284 Sed
1222 4229 1342 4281 dotenns
1365 4225 1436 4279 Flor.

197 4303 302 4371 xandri,
327 4304 375 4357 aad
392 4303 499 4358 Curtius
516 4313 604 4357 tamen
622 4303 741 4357 ordinem
757 4321 799 4358 re-
834 4251 910 4358 dati
933 4302 1014 4356 Baro.
1029 4299 1053 4353 B
1076 4300 1153 4354 Voss.
1168 4306 1183 4353 2
1206 4294 1437 4376 omittrmtyerba

198 4391 266 4498 harpe
277 4373 359 4443 longe
379 4372 460 4426 alium
480 4371 507 4426 in
534 4373 585 4428 hac
609 4381 688 4443 parte
714 4373 800 4444 operis
888 4367 1221 4494 mmifflmm
1240 4363 1369 4437 quioquid
1394 4378 1436 4416 ra·

267 4452 289 4497 t.
322 4471 325 4478 ·
852 4457 888 4494 un
968 4455 1029 4494 Μ
1076 4477 1083 4492 .
