3258 5120
541 299 590 348 na
618 295 743 350 casms
770 299 879 350 snex.
908 299 945 368 x,
974 298 1015 350 ιι.
1330 282 1403 351 503

227 482 398 534 Perventum
416 475 513 530 deinde
530 484 572 530 est
589 475 617 530 in
625 477 732 532 Mediae
748 495 863 551 campos,
882 481 927 534 ubi
944 480 1050 534 maximi
1064 495 1189 550 equorum
1206 495 1300 550 greges
1310 495 1405 550 pasce-

130 561 271 624 bantur.
307 553 419 606 Nisaeos
435 554 585 623 appellant,
608 555 786 626 magnitudine
804 565 832 610 et
848 559 937 628 specie
954 557 1075 625 insignes
1111 557 1196 626 Supra
1213 557 1407 626 quinquaginta

132 633 231 686 milia
252 629 293 682 ibi
311 638 432 699 reperta,
450 647 509 683 cum
527 631 678 685 Alexander
695 649 726 686 eo
744 632 884 699 transiret,
902 653 918 686 a
936 631 1075 686 comitibus
1092 631 1161 683 illius
1178 641 1333 686 annontum
1350 643 1406 686 est:

134 709 221 762 olim
244 707 331 778 triplo
358 706 448 778 plures
475 707 567 775 fuisse,
595 711 640 762 aed
657 709 727 761 inter
752 707 880 761 bellorum
907 709 998 762 turbes
1024 707 1163 760 maximam
1188 723 1281 760 eorum
1302 719 1406 778 partem

135 785 314 856 praedones
332 782 460 853 abegisse.
504 787 548 838 Ad
574 785 684 854 triginta
711 784 767 836 dies
793 783 829 837 ibi
847 785 966 838 substitit
992 800 1046 838 rex.
1081 783 1122 837 Eo
1140 783 1281 854 Atropates
1299 785 1406 840 Mediae

137 869 274 932 satrapa
292 869 398 914 centurn
415 861 541 914 barbaras
559 861 679 913 mulieres
695 861 822 927 adduxit,
848 861 982 931 equitandi
999 861 1108 931 peritas,
1136 860 1267 930 peltisque
1285 868 1314 914 et
1330 878 1405 916 sem-

141 938 235 990 ribus
257 945 387 990 armatas:
415 940 486 991 unde
504 938 611 1008 quidam
630 936 810 1004 crediderunt,
837 939 1001 990 Amazonum
1018 955 1052 990 ex
1070 945 1149 1006 gente
1175 936 1297 1008 reliquias
1319 939 1404 994 luisse.

146 1013 296 1085 Septimis
314 1012 410 1067 deinde
427 1014 519 1068 castris
537 1013 673 1065 Ecbatana
690 1013 791 1083 attigit,
810 1013 915 1066 Mediae
933 1022 1021 1084 caput.
1049 1014 1089 1068 lbi
1107 1012 1242 1066 sollemnia
1259 1013 1308 1067 diis
1326 1015 1405 1069 sacri·

142 1090 216 1144 ficia
237 1089 316 1158 fecit,
336 1090 464 1160 ludosque
481 1089 573 1154 edidit,
592 1097 622 1142 et
639 1088 797 1144 incentivis
815 1091 948 1160 remaque
965 1091 1021 1144 dies
1040 1089 1139 1144 laxavit
1153 1090 1277 1158 animum,
1296 1101 1327 1145 ut
1343 1111 1405 1146 mox

143 1167 177 1220 in
200 1185 340 1223 novorum
357 1183 466 1237 operum
484 1182 575 1219 curam
597 1175 678 1236 atque
695 1166 842 1220 ministeria
858 1167 970 1220 validior
986 1166 1176 1220 intenderetur.
1210 1167 1265 1221 Sed
1281 1168 1332 1222 ista
1347 1169 1405 1222 vol·

146 1253 290 1312 ventem,
316 1244 389 1298 velut
406 1241 502 1296 iniecta
525 1259 619 1308 manu,
645 1241 726 1294 samm
744 1243 796 1296 alio
822 1244 918 1310 traxit,
950 1245 1085 1314 vitemque
1106 1242 1238 1298 carissimo
1263 1244 1405 1299 amicorum

146 1319 233 1386 eius,
263 1335 351 1392 neque
368 1317 451 1372 multo
469 1327 529 1390 post
555 1318 604 1390 ipsi
622 1335 726 1389 quoque
750 1319 807 1390 regi
828 1320 949 1374 extorsit
993 1319 1092 1374 Pueros
1118 1321 1145 1373 in
1163 1321 1250 1374 stadio
1275 1329 1405 1376 certantes
1521 1354 1522 1358 =

150 1398 324 1468 spectabat,
351 1411 411 1448 cum
438 1395 575 1448 nuntiatur
591 1395 704 1448 deficere
720 1395 960 1466 Hephaestionem,
986 1398 1031 1469 qui
1049 1398 1143 1450 morbo
1168 1414 1202 1460 ex
1219 1396 1326 1468 crapuh
1343 1415 1405 1452 oon·

149 1481 255 1527 tracto
291 1471 431 1542 eptimam
463 1471 515 1524 iam
550 1470 619 1524 dem
646 1471 826 1525 decumbebat
870 1473 1023 1528 Exterritus
1054 1473 1131 1526 antici
1165 1473 1281 1545 periculo
1313 1475 1406 1529 statim

150 1547 312 1618 consurgit,
330 1556 359 1602 et
374 1547 409 1600 ad
426 1547 569 1618 hospitium
587 1547 656 1600 illius
669 1547 791 1602 celeriter
806 1549 909 1620 pergit:
928 1567 1016 1621 neque
1033 1558 1121 1603 mmen
1140 1550 1211 1619 prius
1228 1567 1261 1604 eo
1274 1552 1417 1621 pervenit,

153 1643 243 1696 quam
263 1623 337 1678 illum
353 1640 426 1678 mors
442 1630 603 1695 occupasset
639 1623 671 1676 Id
687 1625 745 1694 regi
761 1625 890 1692 omnium,
909 1627 1022 1697 quaein
1039 1626 1095 1680 vita
1112 1627 1265 1698 pertulerat,
1281 1628 1405 1682 adverso-

153 1719 221 1756 rum
240 1699 470 1756 luctuosissimum
494 1699 621 1754 accidisse
646 1709 746 1754 certum
764 1703 889 1769 habetur,
915 1719 1029 1774 eumque
1055 1703 1235 1774 magnitudine
1260 1703 1360 1758 doloris
1378 1705 1406 1758 in

153 1776 285 1832 lacrimas
302 1786 332 1831 et
348 1777 465 1831 lamenta
481 1777 596 1844 victum,
622 1775 706 1830 multa
722 1777 802 1832 animi
819 1779 853 1831 de
879 1780 963 1850 gradu
985 1779 1080 1834 deiecti
1106 1787 1259 1850 argumenta
1283 1779 1406 1836 edidisse.

155 1853 216 1908 Sed
235 1869 270 1907 ea
285 1853 393 1926 quidem
409 1853 482 1908 raris
498 1855 653 1908 traduntur:
675 1853 740 1907 illud
764 1854 836 1908 inter
851 1873 942 1910 omnes
967 1863 1085 1922 constat,
1109 1863 1139 1910 ut
1156 1872 1235 1927 quam
1252 1857 1405 1911 decentissi-

155 1947 217 1986 mas
235 1930 363 2002 exequias
380 1930 407 1984 ei
423 1931 546 1997 duceret,
574 1928 687 1984 noluisse
703 1931 849 1985 Ecbatanis
866 1933 985 2004 sepeliri,
1011 1933 1059 1986 sed
1075 1931 1252 2002 Babylonem,
1278 1951 1332 2005 quo
1348 1932 1405 2004 ipse

158 2024 335 2062 conmeatus
361 2015 438 2074 erat,
468 2024 488 2060 a·
509 2005 638 2060 Perdicca
663 2007 761 2060 deterri
787 2023 904 2062 curasse:
930 2009 1020 2081 ibique
1045 2009 1123 2062 fimus
1150 2008 1270 2062 maudito
1292 2012 1406 2066 antehae

158 2085 287 2156 exemplo
305 2083 446 2138 duodecim
462 2083 593 2138 talentum
619 2081 723 2136 milibus
749 2083 884 2138 locavisse
924 2085 982 2140 Per
1002 2086 1152 2140 universum
1178 2094 1250 2140 certe
1266 2085 1404 2158 imperium

159 2161 252 2233 lugeri
268 2177 329 2215 eum
345 2160 434 2216 iussit:
460 2169 489 2214 et
505 2176 539 2214 ne
556 2158 683 2212 memoria
709 2160 765 2214 eins
786 2159 815 2214 iu
832 2162 949 2218 exercitu
967 2163 1142 2229 exolesceret,
1169 2163 1317 2234 equitibus,
1344 2163 1404 2235 quis

160 2238 334 2310 praefuerat,
352 2237 454 2290 nullum
470 2235 598 2308 praeterit
615 2236 723 2304 ducem,
746 2238 792 2291 sed
809 2237 1015 2309 Hephaestionis
1031 2239 1100 2293 alam
1117 2239 1242 2311 appellari
1258 2240 1358 2308 veluit,
1376 2251 1406 2296 et

163 2331 235 2386 quae
253 2313 299 2368 ille
315 2313 392 2385 signa
408 2313 575 2380 instituisset,
593 2329 627 2366 ea
643 2329 699 2368 non
715 2313 855 2369 immutari.
882 2316 1015 2371 Funebria
1024 2316 1166 2370 certamina
1183 2317 1320 2388 ludosque,
1339 2335 1405 2389 qua·

20 2354 23 2378 ·
53 2433 63 2447 .
163 2392 202 2446 les
220 2409 358 2463 nunquam
374 2389 441 2446 edici
458 2389 578 2456 fluissent,
595 2390 745 2461 medieas,
763 2392 816 2447 tria
832 2392 962 2448 artificum
978 2393 1050 2448 milis
1067 2392 1168 2464 oo'e'git:
1187 2393 1303 2464 quinon
1320 2393 1404 2448 multo
1503 2455 1505 2458 ,

164 2477 228 2540 post
243 2469 272 2522 in
289 2469 372 2541 ipsius
389 2465 506 2538 exequiis
531 2475 647 2521 certasm
663 2468 791 2524 sensatur.
826 2469 886 2524 Nec
902 2471 978 2526 amici
995 2479 1049 2524 tam
1065 2470 1148 2524 effuso
1174 2471 1272 2524 affectu
1289 2471 1322 2524 ad
1340 2488 1404 2524 con-

166 2544 303 2598 ciliandam
322 2545 378 2598 eins
395 2543 508 2615 gratiam
533 2544 651 2614 segniter
667 2545 722 2613 usi,
740 2545 862 2600 certatim
883 2563 1039 2618 repperere,
1066 2563 1114 2618 per
1129 2563 1197 2618 quae
1213 2547 1341 2602 memoria
1358 2549 1404 2602 de-

168 2621 249 2676 functi
268 2621 366 2676 clarior
383 2620 593 2691 honoratiorque
608 2621 694 2676 fieret.
727 2621 813 2693 Igitur
829 2623 975 2690 Eumenes,
994 2640 1054 2677 cum
1071 2641 1100 2676 se
1116 2625 1152 2678 ob
1169 2623 1327 2678 simultatem
1344 2643 1403 2678 cum

168 2699 364 2770 Hephaestione
381 2699 450 2769 regis
471 2697 679 2769 indignationem
696 2699 834 2754 incurrisse
850 2699 987 2766 sensisset,
1011 2699 1100 2754 multis
1118 2713 1210 2754 auctor
1230 2699 1295 2766 suit,
1322 2717 1404 2771 seque

169 2785 197 2829 et
213 2793 285 2830 arms
302 2793 350 2830 sua
357 2774 547 2848 Hephaestioni
561 2776 738 2844 consecrandi,
756 2776 931 2848 pecuniasque
948 2777 982 2829 ad
992 2777 1218 2832 cohonestandum
1235 2777 1313 2829 funus
1330 2776 1403 2848 large

170 2851 287 2906 eontulit
314 2853 377 2909 Hoc
392 2853 542 2925 exemplum
558 2851 653 2906 imitati
670 2859 733 2905 sunt
750 2853 841 2907 ceteri:
863 2869 948 2923 eoque
966 2871 1028 2908 rnox
1045 2853 1174 2923 processit
1191 2853 1399 2908 assentationum

170 2930 344 3001 impudentia,
371 2939 402 2985 ut
418 2932 475 3002 regi
492 2945 610 2984 maerore
626 2937 655 2982 et
680 2928 810 2984 desiderio
828 2929 946 2984 defuncti
964 2929 1102 2984 insanienti
1125 2948 1277 3000 persuasum
1293 2933 1400 2983 taudem

172 3005 261 3074 fuant,
286 3008 364 3061 deum
380 3024 436 3061 esse
454 3005 687 3077 Hephaestionem.
723 3005 784 3071 Quo
812 3005 917 3077 quidem
934 3013 1052 3078 tempore
1078 3023 1112 3059 ex
1138 3005 1270 3077 copiamm
1293 3007 1402 3062 ducibus

174 3083 325 3154 ¹Agathoclea
343 3082 446 3138 Samius
464 3085 498 3137 ad
516 3091 660 3138 exhemum
678 3081 785 3153 periculi
802 3081 890 3150 venit,
917 3084 989 3152 quod
1006 3082 1076 3136 illius
1094 3084 1224 3136 tumulum
1240 3083 1403 3154 praeteriens

19 3195 20 3214 ι
114 3211 120 3222 ,
174 3159 334 3214 illacrimasse
356 3159 426 3215 viam
443 3171 520 3214 esset
547 3162 588 3213 Ac
605 3159 653 3212 nisi
661 3158 808 3226 Perdiccas,
826 3159 934 3214 venanti
952 3159 1002 3214 sibi
1010 3160 1236 3230 Hephaestionem
1250 3160 1403 3232 apparuisse

178 3235 325 3305 ementitus,
352 3255 400 3310 per
416 3238 479 3292 deos
497 3253 588 3290 omnes
611 3235 746 3307 ipsumque
764 3235 988 3306 Hephaestionem
1005 3236 1159 3304 deierasset,
1187 3255 1219 3290 ex
1237 3236 1294 3307 ipso
1311 3253 1340 3290 se
1357 3254 1403 3292 co·
1509 3231 1516 3238 ⁹

176 3311 295 3382 genuisse,
314 3314 490 3384 Agathoclem
500 3332 553 3368 non
561 3322 592 3366 ut
604 3315 748 3380 mertuum,
766 3320 885 3366 etvauae
903 3313 1048 3366 divinitatis
1067 3312 1149 3366 titulis
1167 3315 1264 3367 fnestra
1281 3321 1403 3367 omatum

176 3388 283 3455 flevisse,
300 3405 392 3444 verum
409 3393 446 3444 ob
464 3390 616 3446 memoriam
633 3389 758 3460 pristinae
774 3391 920 3446 sodalitatis
938 3391 1056 3446 lacrimas
1073 3407 1126 3444 non
1144 3390 1272 3458 tenuisse,
1291 3389 1332 3444 vir
1347 3390 1403 3444 sor-

177 3465 207 3519 tia
223 3473 248 3518 et
274 3465 308 3519 de
326 3482 389 3537 rege
407 3466 601 3522 benemeritus
625 3466 733 3538 pietatis
751 3466 778 3520 in
805 3469 915 3522 amicum
942 3483 1036 3539 paves
1063 3483 1160 3537 poenas
1187 3466 1294 3521 innoxio
1317 3466 1403 3539 capite

178 3543 342 3616 pependisset.

219 3619 360 3675 'Cetemm
377 3629 410 3674 ut
426 3619 560 3692 paulisper
574 3639 590 3672 a
600 3621 671 3674 luctu
688 3629 811 3676 avocaret
828 3621 952 3686 animum,
970 3619 997 3674 in
1008 3620 1181 3674 Cossaeorum
1199 3629 1307 3690 gentem
1323 3636 1403 3691 expe-

179 3697 291 3751 ditionem
307 3697 432 3769 suscepit.
467 3696 535 3766 luga
551 3697 657 3750 Mediae
679 3697 762 3751 vicina
779 3697 885 3751 Cossaei
907 3705 1016 3764 tenent,
1044 3713 1164 3766 sspemm
1187 3706 1216 3750 et
1232 3715 1293 3750 acre
1310 3714 1403 3768 mnus,

180 3783 204 3827 et
218 3774 363 3844 praedando
380 3773 462 3828 ritem
481 3773 593 3827 tolerare
611 3774 726 3827 solitum.
762 3775 805 3827 Ab
829 3774 868 3827 his
886 3773 1025 3826 Persarum
1042 3790 1117 3842 reges
1134 3790 1221 3828 annuo
1239 3773 1340 3828 tributo
1357 3793 1403 3846 pa-

181 3866 227 3904 cem
241 3851 368 3906 redimere
384 3858 584 3916 consueverant,
603 3867 636 3903 ne
653 3849 815 3904 imsubiecta
832 3850 1001 3903 decurrentes
1017 3848 1138 3903 infestam
1156 3849 1299 3904 latrociniis
1316 3851 1402 3921 regio-

183 3941 233 3980 nem
247 3928 370 3982 lacerent
404 3927 475 3979 Nam
501 3927 554 3980 rim
572 3934 731 3998 temptantes
749 3927 842 3980 Persas
868 3925 944 3978 lacile
966 3925 1146 3997 reppulerant,
1173 3926 1314 3996 asperitate
1331 3927 1402 3982 loce-

56 4067 78 4091 .·
182 4021 229 4057 rum
243 4004 353 4071 defensi,
380 4004 407 4057 in
425 4020 493 4073 quae
520 4021 548 4058 se
565 4003 740 4074 recipiebant,
767 4002 888 4074 quotiens
907 4002 985 4056 armis
1007 4003 1207 4072 superabantur.
1243 4003 1327 4058 Iidem
1345 4023 1403 4058 mu-

183 4080 271 4135 neribus
297 4079 435 4152 quotannis
461 4080 650 4151 plaeabantur,
677 4088 707 4132 ut
732 4079 789 4151 regi
806 4078 964 4145 Ecbatanis,
991 4080 1035 4132 ubi
1062 4079 1161 4132 aestiva
1185 4080 1287 4134 solebat
1313 4099 1401 4152 agere,

184 4155 330 4227 babylonem
348 4155 503 4226 remigranti
520 4165 593 4211 tutus
616 4173 664 4228 per
681 4173 712 4210 ea
735 4157 791 4210 loca
813 4156 941 4209 transitus
959 4166 1036 4209 esset.
1072 4157 1130 4210 Hos
1152 4155 1232 4226 igitur
1250 4157 1403 4212 Alexander
1439 4191 1441 4194 -

184 4233 292 4304 bipartito
308 4233 413 4304 agmine
432 4251 580 4306 aggressus,
599 4234 668 4288 intra
684 4233 857 4304 quadraginta
875 4232 930 4286 dies
944 4233 1099 4304 perdomuit.
1128 4233 1196 4286 Nam
1214 4235 1247 4286 ab
1266 4233 1323 4304 ipso
1341 4252 1403 4304 rege

185 4317 207 4362 et
220 4307 377 4379 Ptolemaeo,
395 4311 441 4383 qui
459 4321 561 4382 partem
578 4311 708 4365 exercitus
727 4311 853 4378 ducebat,
870 4327 949 4382 saepe
966 4313 1048 4378 caesi,
1072 4321 1102 4364 ut
1119 4311 1238 4382 captivos
1256 4329 1318 4365 suos
1336 4312 1403 4364 reci-

186 4395 273 4458 perent,
291 4388 432 4458 permisere
450 4405 478 4441 se
495 4388 595 4443 victori.
632 4387 680 4441 llle
696 4387 796 4442 validas
813 4389 892 4441 urbes
909 4389 1062 4459 opportunis
1080 4387 1142 4442 locis
1159 4387 1245 4442 extrui
1263 4387 1350 4454 iussit,
1369 4405 1402 4441 ne
