3354 5052
211 329 289 398 414
685 342 719 404 o.
748 341 872 392 coarn
897 343 982 394 surr

211 525 279 598 sibi
304 523 437 596 maiore
475 525 628 598 militum
654 549 760 622 quam
795 525 988 623 agrestium
1027 549 1135 598 manu
1162 553 1252 624 opus
1284 553 1362 602 esse
1397 553 1451 600 re

211 633 364 734 spondit.
417 635 588 711 Abisares
628 648 665 712 et
690 635 805 710 Porus
831 647 950 727 erant,
990 635 1054 708 sed
1080 637 1117 707 in
1143 635 1238 710 Poro
1274 639 1452 713 eminebat
1475 658 1505 705 ιι

211 747 415 820 auctoritas.
474 748 634 847 Uterque
666 753 761 823 ultra
785 747 983 848 Hydaspen
1018 771 1160 820 amnem
1188 748 1376 844 regnabat,
1415 761 1452 822 et

210 859 295 931 belli
320 861 518 950 fortunam,
545 862 703 957 quisquis
730 886 829 934 arma
854 861 1015 950 inferret,
1048 859 1202 958 experiri
1234 858 1451 932 decreverat.

213 967 373 1068 Omphis,
400 973 631 1068 permittente
657 971 875 1060 Alexandro,
902 983 940 1046 et
963 975 1102 1071 regium
1128 973 1265 1070 insigne
1291 972 1450 1066 sumpsit,
1474 989 1504 1034 1⁴

212 1092 250 1155 et
275 1107 375 1154 more
400 1085 520 1179 gentis
546 1107 632 1154 suae
664 1105 812 1172 nomen,
853 1082 950 1177 quod
976 1086 1089 1181 patris
1122 1085 1247 1157 fuerat
1299 1081 1449 1156 Taxilen

213 1193 440 1292 appellavere
466 1193 668 1290 populares,
696 1201 866 1290 sequente
884 1193 1028 1266 nomine
1055 1195 1252 1290 imperium,
1278 1195 1314 1266 in
1332 1219 1451 1290 quern·

213 1328 352 1400 cunque
390 1303 570 1376 transiret.
636 1303 749 1403 Igitur
797 1329 879 1376 cum
918 1329 983 1402 per
1026 1303 1187 1376 triduum
1230 1303 1452 1400 hospitaliter
1473 1323 1505 1368 ιι

218 1413 459 1488 Aexandrum
497 1417 709 1516 accepisset,
749 1428 877 1513 quarto
909 1416 968 1490 die
1001 1427 1039 1490 et
1074 1427 1248 1513 quantum
1282 1415 1449 1488 frumenti

213 1527 338 1626 copiis,
367 1544 460 1624 ¹quas
491 1525 738 1626 Hephaestion
773 1527 943 1620 duxerat,
981 1528 1184 1627 praebitum
1219 1553 1241 1600 a
1274 1552 1313 1600 se
1347 1537 1452 1616 esset,

213 1637 380 1728 ostendit,
407 1650 445 1712 et
470 1663 597 1712 aureas
625 1663 777 1712 coronas
799 1639 866 1736 ipsi
893 1639 1085 1735 anricisque
1110 1639 1286 1728 omnibus,
1311 1648 1453 1738 praeter

212 1750 300 1824 haec
326 1748 455 1845 signati
488 1751 628 1849 argenti
661 1773 765 1822 txxx
797 1751 932 1822 talenta
964 1748 1060 1824 dono
1087 1747 1197 1824 dedit
1251 1747 1331 1838 Qua
1356 1748 1508 1823 beni-1⁶

212 1861 349 1962 gnitate
376 1859 451 1934 eius
478 1859 687 1934 Alexander
710 1861 799 1934 mire
825 1861 959 1952 laetus,
986 1871 1024 1935 et
1049 1885 1141 1959 quae
1167 1863 1198 1934 is
1224 1861 1374 1935 dederat
1398 1885 1452 1934 re·

210 1971 325 2062 misit,
358 1983 396 2044 et
420 1973 518 2046 milla
549 1973 685 2048 talenta
718 1985 765 2046 ex
791 1969 941 2071 praeda,
974 1995 1083 2071 quam
1117 1973 1283 2064 vehebat,
1310 1971 1449 2063 adiecit,

211 2084 395 2180 multaque
421 2085 621 2158 convivalia
653 2109 700 2159 ex
739 2109 826 2157 auro
866 2093 903 2156 et
928 2095 1079 2183 argento
1118 2109 1222 2176 vasa,
1261 2086 1453 2183 plurimum

214 2192 378 2268 Persicae
403 2196 526 2285 vestis,
552 2217 634 2268 xxx
660 2221 770 2295 equos
796 2219 843 2268 ex
870 2195 959 2286 suis,
986 2219 1067 2268 cum
1092 2194 1219 2269 iisdem
1245 2196 1454 2294 insignibus,
1499 2291 1503 2300 Ι

214 2307 294 2405 quis
320 2317 566 2396 assueverant,
593 2331 673 2381 curn
698 2309 815 2406 ipsum
835 2305 1018 2380 veherent
1064 2303 1165 2396 Quae
1190 2309 1384 2383 liberalitas
1410 2309 1455 2382 si·
1478 2330 1510 2376 ιι

217 2427 279 2490 cut
309 2417 502 2492 barbarum
538 2418 799 2510 obstrinxerat,
838 2417 890 2490 ita
916 2417 1048 2493 anticos
1086 2419 1197 2518 ipsius
1211 2421 1457 2494 vehementer

215 2527 374 2603 offendit.
427 2528 614 2626 Equibus
640 2528 837 2628 Meleager,
870 2554 978 2630 super
1013 2555 1162 2604 coenam
1181 2533 1346 2631 'largiore
1371 2532 1456 2604 vino

215 2665 319 2732 usus,
356 2642 529 2739 gratulari
562 2667 601 2715 se
627 2639 835 2714 Alexandro
862 2639 973 2734 dixit,
1006 2639 1103 2739 quod
1130 2645 1258 2719 saltem
1291 2640 1458 2716 inludia

214 2753 433 2850 repperisset
456 2751 605 2851 dignum
631 2753 774 2825 talentis
800 2753 906 2826 mille.
952 2752 1043 2844 Rex,
1069 2753 1167 2827 haud
1190 2755 1322 2829 oblitus
1342 2779 1457 2852 ⁴quarn
1478 2773 1513 2822 ra

215 2889 321 2963 aegre
347 2863 499 2954 tulisset,
527 2861 624 2961 quod
651 2861 781 2937 Clitum
807 2864 855 2938 ob
880 2865 1023 2964 linguae
1049 2867 1287 2938 temeritatem
1313 2864 1458 2938 occidis·

215 2987 297 3067 set,
319 2975 409 3049 ham
441 2975 586 3074 quidem
612 2977 745 3067 tenuit,
767 2973 844 3048 sed
870 2973 978 3067 dixit,
1010 2973 1153 3050 invidos
1179 2977 1340 3052 homines
1361 2976 1458 3050 nihil

217 3086 330 3178 aliud,
356 3111 464 3185 quam
491 3087 652 3185 ipsorum
678 3111 757 3161 esse
783 3095 971 3161 tormenta.
1139 3076 1143 3084 ’
1385 3095 1387 3102 ’

164 3205 214 3275 44
316 3198 469 3273 Postero
496 3197 556 3271 dic
580 3197 688 3296 legati
710 3199 885 3271 Abisarae
910 3197 1030 3273 adiere
1065 3225 1196 3300 regem.
1252 3197 1383 3274 Omnia
1408 3199 1535 3274 dixm-

216 3312 308 3386 cioni
335 3312 421 3401 eius,
447 3310 500 3382 ita
525 3320 567 3383 ut
593 3309 802 3384 mandatum
829 3323 916 3402 erat,
942 3311 1219 3411 permittebant;
1246 3313 1457 3410 firmataque

252 3500 276 3566 ξ.
297 3503 336 3550 la.
381 3496 535 3617 Atuarop
557 3495 704 3549 Abiorum
731 3511 822 3549 semu-
890 3497 914 3562 §.
935 3501 974 3548 rt.
1001 3495 1091 3565 Igitur
1107 3498 1175 3565 uon]
1206 3495 1251 3550 Sic
1267 3511 1359 3549 omnes
1376 3495 1459 3550 nostri

216 3566 280 3620 dum
307 3564 387 3618 Bera.
405 3565 431 3617 A
457 3572 485 3616 et
535 3563 629 3618 lor.B
656 3563 822 3617 scribebatur
855 3571 885 3616 at
916 3563 1005 3617 collati
1031 3581 1047 3617 a
1072 3563 1154 3618 Snak.
1198 3565 1287 3636 Vulgo
1309 3581 1371 3618 ero
1394 3582 1459 3619 oron

212 3635 241 3688 in
278 3634 338 3686 edd.
370 3641 436 3686 vett.
473 3649 556 3703 usque
590 3633 627 3686 ad
661 3632 820 3687 Modisosm.
855 3631 1033 3704 Praepositae
1049 3643 1137 3687 sutem
1156 3635 1237 3704 iqitur
1254 3635 1323 3704 apud
1336 3583 1460 3688 dur-tium

215 3705 359 3758 Abioseres
386 3701 457 3755 Flor.
477 3701 514 3765 C,
541 3701 670 3755 Abisares
689 3700 759 3755 Plor.
785 3699 820 3767 G,
855 3700 920 3754 locis
938 3701 1162 3772 quamplurimis.
1190 3701 1230 3756 cf.
1248 3703 1340 3756 nossd
1359 3701 1414 3756 cte.
1432 3702 1460 3755 in

216 3773 377 3825 Aliassorcs
400 3769 471 3824 Plor.
489 3769 542 3823 Eu
560 3770 641 3823 Bern.
658 3770 682 3822 B
701 3770 778 3823 νοω.
795 3777 820 3824 2.
855 3771 932 3824 Ver'r.
967 3785 1016 3835 ιιι,
1057 3777 1089 3824 tt
1117 3789 1157 3843 pr.
1215 3771 1281 3826 Mox
1310 3773 1461 3841 praebitum

215 3841 313 3894 Postea
329 3841 460 3892 Abisarae
514 3837 612 3920 nitivus
629 3847 749 3920 constat,¹
762 3849 821 3892 tan·
855 3855 873 3891 c
898 3857 943 3920 se·
961 3855 1018 3893 esso
1043 3857 1092 3912 pro
1126 3850 1193 3894 atet
1219 3841 1344 3894 mendose
1369 3855 1460 3894 omnes

216 3917 274 4030 tsrpp
291 3909 369 4031 ddllls
381 3906 454 4047 ldis».
468 3909 632 4056 'ttAdlllltz’
651 3907 825 4031 lleidllddhds
860 3915 982 4043 noglnlt.
1013 3993 1083 4057 quoq
1108 3978 1132 4029 is
1163 3978 1282 4047 dederat]
1319 3975 1460 4031 Notsudns

216 4045 314 4126 duplici
330 4063 344 4100 s
361 4044 389 4098 ia
403 4047 525 4100 omnibus
539 4061 639 4126 primae
652 4045 739 4100 classis
753 4045 825 4126 libris
859 4063 920 4100 usus
937 4062 1098 4126 pronominis
1114 4046 1147 4112 is,
1165 4063 1225 4100 nam
1239 4060 1330 4126 venam
1340 4061 1393 4126 non
1409 4052 1461 4112 est,

216 4117 345 4168 scnbrtur.
397 4119 493 4184 Itaque
517 4131 574 4184 part
591 4115 647 4168 fare
669 4123 824 4168 auctoritate
859 4113 931 4184 quod
948 4131 976 4168 ιιι
992 4131 1046 4168 uno
1060 4113 1177 4168 BernB
1196 4114 1220 4167 le
1248 4127 1300 4180 tur,
1318 4116 1368 4167 lits.
1393 4113 1460 4166 Mox

215 4183 326 4306 ‘ltili
340 4201 393 4304 ιω·
412 4181 571 4304 ttlht
595 4182 722 4304 mitt
739 4193 823 4254 ΡΜ·
857 4192 983 4305 ’Ἢ
1008 4183 1038 4304 l
1038 4201 1064 4236 ¹¹²
1078 4184 1214 4306 ttttt
1216 4183 1227 4304 i
1235 4183 1259 4305 1ἵ
1273 4182 1402 4303 “ild“
1412 4181 1461 4304 ³3¹3

241 4269 286 4305 ra
325 4269 410 4306 omre
572 4269 613 4304 sn.
665 4293 672 4318 ‚
726 4292 732 4304 .
857 4271 937 4305 ιιιιιιιιι
1029 4269 1067 4306 οι.
1203 4267 1427 4316 a.,cam.sr

251 4323 323 4375 ultro
343 4322 373 4372 H
388 4321 499 4388 daspenl
536 4321 681 4389 Hidorpem
699 4321 779 4374 Barn.
796 4324 822 4374 A
857 4333 957 4375 cennos
974 4320 1151 4388 substituunt,
1170 4322 1216 4374 sed
1234 4329 1294 4402 post
1311 4325 1333 4386 ς.
1345 4327 1374 4372 17
1394 4336 1462 4372 unu

217 4390 287 4444 Flor.
312 4389 362 4443 ΔΕ
398 4429 405 4456 ,
438 4391 581 4458 hydaspem
603 4389 677 4442 leid,
700 4393 775 4444 Voss.
799 4399 821 4444 1.
857 4391 1003 4444 Ptotentt's
1021 4401 1129 4456 cmm,
1147 4390 1243 4460 reliqua
1261 4391 1365 4444 toleretis
1382 4390 1461 4442 milla

216 4459 317 4514 Postea
334 4459 417 4512 maior
434 4475 577 4512 consensus
594 4457 623 4512 in
640 4466 716 4511 term.
734 4477 774 4511 en.
1148 4514 1150 4520 ¹
