3260 5042
547 323 596 372 nn
624 321 752 374 casura
779 323 889 372 atax.
916 323 967 390 1v,
1008 325 1033 374 1.
1372 305 1419 376 63

92 579 95 584 ,
169 505 383 600 Euphraten
419 504 621 596 contendit,
654 504 692 577 id
718 503 864 579 demum
895 491 1045 579 credens
1069 505 1146 577 fore
1171 508 1298 603 ipsius,
1325 507 1423 606 quod

172 614 356 688 celeritate
382 617 588 715 praecipere
614 618 802 714 potuisset.

129 763 150 808 4
171 761 177 768 ·
279 727 332 798 At
348 726 559 800 Alexander
577 725 862 816 Parmenionem,
882 751 1071 822 perquem
1091 726 1187 824 apud
1206 725 1423 802 Damascum

173 849 321 936 recepta
346 847 426 912 erat
452 835 595 933 praeda,
614 838 752 909 iussum
778 861 857 910 earn
885 838 999 934 ipsam
1019 847 1056 908 et
1074 838 1236 932 captivos
1262 837 1422 935 diligenti

173 973 360 1023 asservare
387 945 567 1034 custodia,
600 943 742 1045 Syriae,
779 973 887 1045 quarn
909 945 1047 1020 Coelen
1073 958 1215 1034 vocant,
1242 951 1421 1044 praefecit.

132 1085 150 1132 5
172 1059 319 1133 Novum
344 1057 534 1154 imperium
560 1053 661 1156 Syri,
688 1059 851 1132 nondum
876 1058 960 1131 belli
986 1055 1146 1130 cladibus
1173 1059 1259 1132 satis
1286 1058 1422 1152 domiti,

172 1166 479 1265 aspernabantur:
520 1167 585 1241 sed
626 1169 790 1241 celeriter
828 1168 966 1246 subacti
1005 1167 1213 1241 obedienter
1248 1170 1423 1266 imperata
1493 1191 1496 1198 ’

133 1279 346 1352 eiecerunt
398 1277 545 1350 Aradus
580 1301 723 1375 quoque
757 1280 875 1352 insula
900 1277 1045 1352 deditur
1069 1280 1153 1376 regi.
1206 1278 1422 1352 Maritimam

172 1401 252 1463 tum
278 1415 380 1462 oram
406 1397 444 1460 et
469 1387 638 1485 pleraque
664 1390 807 1487 longius
833 1391 941 1463 etiam
964 1414 986 1462 a
1011 1390 1103 1462 mari
1126 1389 1331 1464 recedentia
1354 1416 1421 1465 rex

172 1503 250 1574 eius
275 1500 413 1572 insidae
426 1494 549 1572 Strato
576 1498 801 1597 possidebat:
829 1525 900 1597 quo
926 1501 962 1572 iu
989 1499 1098 1572 fidem
1124 1495 1284 1598 accepto,
1304 1511 1422 1592 castra

171 1610 289 1684 movit
312 1607 360 1682 ad
386 1610 514 1682 urbem
540 1607 753 1683 Marathon«

135 1749 150 1794 r
276 1719 332 1792 lbi
356 1721 407 1793 illi
432 1721 574 1792 litterae
601 1745 624 1792 a
648 1718 769 1794 Dareo
795 1720 1013 1811 redduntur,
1047 1722 1174 1818 quibus
1199 1731 1242 1792 ut
1267 1722 1421 1820 superbe
1449 1723 1471 1792 2

171 1830 315 1928 scriptis
352 1831 587 1904 vehementer
628 1831 787 1905 offensus
827 1842 892 1906 est.
952 1829 1147 1930 Praecipue
1186 1857 1268 1904 eum
1298 1834 1422 1924 movit,

172 1939 270 2038 quod
296 1938 439 2014 Dareus
464 1941 532 2015 sibi
556 1942 652 2039 regis
679 1943 834 2030 undum,
863 1965 931 2014 nec
958 1940 1112 2016 eundem
1138 1941 1337 2015 Alexandri
1361 1968 1423 2015 no·

134 2051 260 2123 amini
292 2051 543 2150 adscripscrat.
568 2057 571 2062 ’
595 2051 812 2126 Postulabat
845 2062 967 2124 autern
992 2053 1106 2150 magis
1132 2077 1245 2150 quam·
1264 2054 1422 2151 petebat,

170 2171 215 2233 ut
239 2174 389 2260 accepta
413 2163 910 2261 pecuniaquantamcuuque
935 2173 1015 2237 tota
1031 2161 1242 2237 Macedonia
1268 2175 1422 2262 caperet,

171 2281 326 2346 matrem
357 2272 491 2346 sibiet
525 2273 714 2371 coniugem
747 2273 950 2372 liberosque
976 2274 1198 2347 restitueret:
1237 2272 1283 2348 da
1309 2298 1421 2371 regno

135 2405 304 2478 aaequo,
344 2383 374 2456 si
408 2383 536 2473 vellet,
569 2381 688 2456 Marte
723 2383 967 2458 contenderet
1028 2380 1068 2456 Si
1100 2383 1242 2458 sarriora
1275 2385 1424 2457 consilia

170 2490 320 2566 taudem
366 2493 444 2590 pati
483 2495 679 2592 potuisset,
726 2495 917 2569 contentus
956 2496 1093 2594 patrio,
1133 2493 1276 2568 cederet
1316 2495 1421 2567 alieni

169 2601 310 2700 imperii
335 2601 486 2676 finibus:
514 2607 631 2678 socius
657 2605 863 2702 amicusque
890 2616 995 2681 esset.
1048 2602 1090 2676 ln
1117 2629 1223 2678 ease
1249 2601 1358 2678 fidem
1384 2615 1423 2678 et

170 2711 258 2786 dare
285 2723 453 2811 paratum
479 2724 518 2788 et
543 2716 713 2814 accipere.

121 2837 153 2884 1⁰
276 2822 413 2898 Contra
439 2825 649 2901 Alexander
680 2827 718 2898 in
743 2825 841 2898 hunc
866 2825 1023 2899 maxime
1049 2824 1197 2898 modum
1222 2825 1419 2923 rescripsit:

170 2933 249 3008 Rea
274 2934 472 3008 Alexander
487 2935 625 3028 Dareo.
663 2933 771 3014 Cuius
796 2961 916 3012 nomen
940 2935 1122 3035 comparati,
1146 2936 1286 3011 Dareus
1315 2935 1421 3012 Grae-

172 3169 349 3224 rumomittit.
368 3169 449 3222 Haud
467 3170 546 3223 dubie
563 3178 653 3224 tanuen
671 3171 778 3250 puibus-
849 3172 873 3238 §.
890 3177 915 3224 4.
959 3171 1160 3226 Parmenionem
1185 3173 1328 3293 praefecit]
1373 3173 1418 3224 Ad

171 3257 230 3292 nnn
247 3238 357 3308 propius
365 3238 477 3318 secedit
494 3239 656 3319 adpeterem
664 3247 779 3319 scnptu·
814 3246 918 3318 tempus
944 3238 1081 3318 nimirum,
1099 3258 1169 3319 ,nam
1204 3239 1333 3330 lenonem
1352 3239 1418 3294 Cer·

170 3308 580 3455 {tattffifttnttt
594 3307 779 3456 pgpgffi
814 3307 921 3446 tnlt
938 3307 1419 3456 ltltffltttfiitfrtt

171 3444 220 3496 sed
235 3442 359 3513 displicet
375 3451 462 3524 oratio
488 3445 656 3498 merubratrm
682 3445 780 3524 dacer:
815 3444 937 3524 morbum
962 3461 979 3496 a
1004 3444 1178 3498 Pannemone
1203 3446 1324 3499 relictum
1350 3445 1419 3498 infra

171 3519 228 3583 pta.
250 3511 319 3564 Eam
336 3511 507 3565 offensionem
524 3529 578 3566 non
595 3512 678 3566 habet
695 3512 779 3566 Foesu
816 3511 925 3566 Curtius
942 3529 964 3565 e.
983 3519 1026 3579 22,
1053 3522 1081 3566 et
1107 3531 1165 3568 eum
1187 3513 1385 3566 Andromaches
1402 3531 1421 3566 a

171 3579 323 3660 coniectura
349 3579 377 3633 in
402 3597 536 3650 program.
563 3597 594 3634 ru
614 3599 645 3634 ra
670 3581 780 3635 laudato
815 3579 954 3660 Sententia
980 3590 1111 3634 namatus
1136 3589 1218 3660 esset,
1249 3581 1419 3661 blemnonem

171 3665 227 3700 :om
252 3666 343 3718 reprur
368 3651 498 3702 exoritur
524 3649 574 3720 (qu
627 3649 662 3702 ad
682 3651 778 3703 Graec.
816 3649 968 3701 institutum
977 3667 999 3702 e.
1010 3657 1051 3704 84.
1069 3649 1120 3702 Est
1136 3649 1218 3720 igitur
1235 3649 1278 3702 lue
1290 3649 1418 3703 Memnon

172 3729 206 3768 ιν
216 3717 292 3768 milia
308 3717 464 3784 referatur).
483 3719 558 3786 lim,
576 3717 655 3771 modo
664 3717 780 3788 spatium
817 3717 903 3771 Curtii
922 3718 990 3769 idem
1010 3717 1055 3788 qui
1065 3717 1164 3771 Menon
1182 3718 1253 3787 apud
1267 3717 1417 3771 Arrianum.

171 3782 201 3836 iu
229 3783 364 3838 codicibus
398 3785 530 3838 nounrrllis
564 3785 687 3840 relictum
716 3786 780 3866 'loeo
852 3785 918 3856 Cap.
937 3792 963 3851 2,
981 3788 1005 3854 ξ.
1023 3793 1047 3839 8.
1066 3797 1090 3838 el
1107 3787 1251 3866 malopem]
1271 3785 1361 3856 Vulgo
1375 3805 1417 3853 uc,

171 3853 629 4001 QWPloffulth‘imieliddil
642 3863 779 3994 diqiiilugld
815 3854 1281 3993 seli.⁶1²0.ffldirntii⁸rcoruiiiieriuiiiiiipsisti
1297 3923 1415 4002 Dareus]

171 3989 238 4042 editi
254 3989 435 4070 repararem..
672 4061 679 4074 ι
815 3991 905 4062 Vulgo
934 3992 1038 4053 Celes,
1054 3993 1140 4069 ¹cuiue
1162 4009 1253 4045 nomen
1270 3993 1416 4071 srmtprrsti,
1531 4047 1534 4053 ,

170 4058 602 4182 amittit?
620 4061 779 4183 attat
814 4059 1035 4182 mtffltltt
1052 4059 1127 4180 “tt
1146 4058 1416 4181 dttttttlttt

170 4193 292 4275 Elium
317 4211 378 4248 cum
403 4197 465 4249 edd.
487 4145 643 4267 praemiiis
669 4198 778 4250 habeut.
812 4196 910 4276 rectius
935 4195 1053 4248 omiseris
1080 4145 1230 4275 aucliiribus
1255 4213 1317 4249 usus
1343 4167 1416 4249 librii

169 4261 284 4334 legitur
299 4265 369 4317 riom
382 4266 538 4345 praemisere
555 4280 594 4332 ιν,
614 4271 656 4333 60,
675 4280 717 4332 11,
727 4272 777 4332 ²83
813 4273 920 4334 optume
937 4263 1010 4344 Flor.
1028 4263 1106 4318 ABG
1123 4263 1197 4318 Lerd
1216 4265 1292 4345 lloss.
1313 4271 1336 4330 1,
1354 4281 1416 4316 nam

169 4339 263 4397 ΠΛΟ.
282 4331 344 4413 Cur⁸
355 4342 439 4412 igitur
451 4335 616 4412 praeripere,
635 4335 709 4404 quod
721 4335 778 4388 fere
813 4333 884 4456 pp‘od
903 4347 943 4385 ex·
955 4332 996 4386 hrs
1013 4333 1120 4388 noan
1137 4341 1166 4386 et
1183 4333 1256 4386 Lerd.
1271 4332 1348 4387 Voss.
1365 4349 1416 4402 pro

169 4417 229 4454 orm
244 4401 272 4454 vi
290 4409 320 4454 et
336 4419 432 4455 :muna
447 4400 560 4456 eborum
577 4401 626 4454 tit?
859 4403 900 4455 rio
929 4401 984 4456 sire
1006 4403 1095 4456 Dareo
1121 4401 1213 4474 legunt
1230 4403 1337 4456 Dareus
1362 4418 1415 4455 uon
