3350 5042
201 315 275 386 288
626 285 634 300 ’
668 327 701 392 Q·
729 325 852 380 caeru
876 328 962 382 auru

199 523 241 574 ιν,
258 513 302 570 22,
320 512 345 560 h.
362 505 495 576 hahendo)
517 507 609 562 urbem
624 507 812 562 Alexandriam
835 509 914 565 condi
932 509 1021 578 iussit,
1044 516 1224 582 superatoque
1240 526 1274 564 eo
1291 513 1385 562 monte
1402 505 1438 558 ad

199 582 264 636 finea
282 581 437 636 Bactrianae
454 584 582 654 pervenit

268 663 325 724 (lb)
350 657 459 712 Interim
478 661 575 714 Bessus
597 662 732 716 eonsilium
749 661 872 732 expedit,
897 659 1002 730 longius
1024 668 1097 712 uana
1115 661 1205 714 Oxum
1223 663 1314 730 (hodie
1334 661 1437 726 Gr'lron)

200 735 339 788 recedendi
366 744 395 789 et
420 737 561 792 contractis
588 739 758 794 accolentium
785 737 956 789 barbarorum
987 735 1091 788 auxiliis
1118 735 1146 788 in
1172 737 1309 808 Sogdiana
1334 737 1437 788 bellurn

200 811 324 882 gerendi:
342 817 401 884 (lt)
419 831 469 869 nee
485 815 520 869 ab
538 832 569 868 ea
586 811 807 868 rationeCobaria
817 811 951 865 erriusdarn
969 809 1092 865 oratione
1110 810 1269 879 detonetur,
1288 821 1318 865 ut
1335 821 1435 865 semet

126 896 132 907 “
201 887 258 959 ipae
277 890 431 946 Alexandro
451 891 533 944 dedat
550 889 691 944 suadentia.

271 968 330 1037 (17)
356 970 392 1022 Et
409 967 454 1021 ille
473 967 580 1038 quidem
598 965 686 1018 Oxum
704 962 810 1030 transit,
830 963 950 1018 desertus
968 982 985 1018 a
1003 962 1150 1020 Bactrianis
1168 963 1314 1036 equitibus:
1343 965 1439 1018 Mace·

200 1043 300 1097 donum
317 1045 464 1110 exereitus,
481 1043 633 1113 priusquam
651 1041 719 1094 culta
738 1040 796 1094 loca
814 1041 971 1096 Bactrianae
990 1041 1147 1113 attingeret,
1165 1059 1215 1114 per
1232 1043 1338 1097 deserta
1354 1041 1438 1112 profi-

201 1119 300 1174 eiauena
319 1120 409 1190 inopia
427 1117 543 1172 omnium
561 1133 646 1170 rerum
665 1115 799 1188 premitur.
825 1118 886 1187 (13)
896 1118 1083 1172 Varianatura
1094 1117 1164 1170 illiue
1173 1126 1260 1172 terrae
1270 1117 1437 1174 deser-ibitur.

201 1198 261 1265 (12)
280 1195 382 1248 Bactris
400 1193 497 1248 stativa
514 1193 620 1248 habenti
638 1192 742 1248 nuntius
761 1190 817 1263 regi
836 1193 944 1246 affertur
963 1193 997 1246 de
1016 1195 1095 1246 rebus
1118 1211 1247 1264 prospere
1265 1197 1338 1267 apud
1354 1195 1437 1248 Arios

201 1270 291 1342 gestia.
331 1269 424 1326 Victus
442 1269 511 1324 enim
529 1269 578 1325 luit
595 1268 792 1337 Satibarzanes,
810 1267 964 1322 rebellionis
982 1279 1083 1338 auctor,
1102 1279 1131 1323 et
1148 1269 1274 1342 singular-i
1292 1272 1437 1326 conamine

201 1346 236 1400 ab
255 1344 365 1418 Erigyio
384 1347 493 1404 occisus.

270 1424 329 1491 (20)
348 1424 460 1480 Bessum
477 1424 630 1498 priusquam
647 1424 803 1495 Scytharum
820 1421 920 1476 auxilia
936 1421 1109 1478 mveubaent
1125 1431 1300 1496 oeurpaarnrs
1317 1423 1436 1476 Alexan-

201 1501 263 1568 der,
286 1501 421 1558 Artabazo
440 1512 546 1574 samapa
563 1503 696 1569 instituto,
720 1499 821 1554 Bactria
838 1499 1025 1570 pmfidaeitur,
1052 1501 1101 1554 sed
1121 1503 1275 1574 priusquam
1293 1501 1328 1556 ad
1346 1500 1437 1554 Oxum

203 1595 307 1632 nurnern
325 1581 477 1650 perveniret
494 1580 637 1646 exereitus,
655 1595 703 1650 per
720 1577 872 1647 Sogdianae
890 1578 995 1630 deserta
1012 1578 1064 1630 iter
1081 1577 1196 1646 inciens,
1215 1587 1290 1632 aestu
1307 1586 1336 1632 et
1352 1593 1437 1648 aquae

201 1655 312 1726 penuria
333 1658 504 1711 vehementer
529 1657 645 1722 laborat,
677 1661 733 1720 (21)
757 1669 820 1722 rege
843 1653 950 1723 quidem
972 1651 1103 1722 insignem
1125 1655 1206 1708 animi
1228 1653 1438 1726 magnitudinem

201 1732 354 1786 exhibente.
389 1733 523 1804 Singulari
545 1731 648 1786 ratione
672 1731 759 1784 Oaum
783 1739 898 1798 superat.
937 1731 998 1799 (22)
1020 1729 1089 1783 Mox
1113 1732 1264 1801 cognoscit,
1287 1732 1401 1786 Bessum
1423 1747 1440 1782 a

201 1807 368 1878 Spitamene,
395 1807 591 1878 Sogdianorum
616 1807 731 1877 equitum
758 1805 906 1876 praefecto,
933 1805 1049 1859 vineurm
1071 1807 1158 1860 teneri
1183 1809 1269 1861 etad
1285 1825 1314 1861 ae
1331 1806 1439 1862 adduci.

201 1888 260 1952 (23)
279 1884 403 1952 intutior,
427 1883 541 1938 dimissio
558 1883 705 1950 veteranus,
724 1883 758 1935 ad
775 1881 867 1935 urbem
884 1881 1093 1936 Branchidarum
1111 1892 1236 1950 venum,
1254 1885 1328 1956 quod
1345 1883 1439 1954 prodi·

201 1969 289 2015 torum
310 1961 375 2016 olim
394 1961 523 2017 Graeciae
545 1959 737 2030 receptaculum
759 1957 847 2011 dimit
891 1963 948 2026 (tl)
975 1963 1031 2012 Iter
1049 1958 1162 2014 Tanaim
1185 1977 1275 2014 verens
1297 1959 1405 2015 facienti
1424 1976 1441 2011 a
1518 2015 1530 2039 ’

123 2092 127 2100 ,
202 2037 356 2110 Spitamene
378 2037 518 2094 adducitur
535 2037 645 2103 Bessus,
670 2053 746 2109 quern
770 2032 925 2106 propinquis
944 2033 1019 2087 Darii
1043 2037 1112 2090 tradi
1135 2037 1212 2091 iussit
1232 2036 1363 2107 supplicio
1381 2036 1441 2089 affi-
1496 2090 1503 2102 ,

202 2115 325 2170 ciendum
343 2133 377 2170 eo
395 2117 465 2182 loce,
483 2114 529 2169 ubi
547 2131 637 2186 regern
655 2132 728 2168 suum
746 2111 920 2166 interiecerat.
948 2110 1151 2180 (25)Latmnes
1169 2112 1440 2168 barbarosohaidens

203 2193 359 2248 Alexander
376 2193 538 2260 vulneratur,
555 2195 602 2246 aed
620 2191 657 2245 illi
676 2187 848 2244 admiratione
859 2187 921 2258 eiua
939 2187 1010 2259 eapti
1027 2201 1113 2244 semet
1130 2192 1240 2244 dedunt.
1267 2190 1330 2244 Rex
1347 2189 1442 2246 leca'ea

98 2263 103 2274 '
204 2268 451 2323 ferturamilitihua
470 2271 505 2322 de
522 2268 636 2322 muneris
652 2267 721 2320 illius
740 2263 875 2324 functione
892 2263 1065 2318 certanuhua.
1100 2267 1161 2336 (23)
1179 2267 1343 2322 Maracanda
1352 2266 1441 2322 venit:

204 2346 309 2416 legates
327 2345 455 2400 Abiorum
473 2345 628 2416 Scythanrnr
645 2343 730 2410 audit,
753 2341 882 2396 Penidam
904 2342 940 2395 ad
956 2339 1024 2394 alios
1042 2341 1155 2412 Scythas
1173 2352 1246 2398 uana
1264 2344 1378 2399 Tanaim
1394 2361 1442 2399 ee-

104 2483 107 2496 ,
204 2422 290 2476 lentes
311 2421 405 2491 mittit,
432 2439 466 2476 ue
490 2439 594 2476 amnena
617 2423 688 2476 illum
709 2427 843 2474 transeant
864 2417 1033 2472 interdicens.
1074 2417 1174 2472 Cetera
1195 2420 1308 2474 munilia
1333 2421 1442 2476 ursana

204 2497 276 2569 cogit
297 2499 494 2570 Sogdiauenrm
514 2500 643 2564 defectio,
666 2499 700 2552 ad
722 2515 800 2568 quam
822 2495 995 2549 ooeroeudam
1012 2493 1180 2565 Spitamenen
1203 2505 1345 2567 evomtus,
1367 2500 1443 2570 qued

164 2575 255 2645 qtaibi
277 2585 421 2644 metueret,
445 2575 525 2630 etiam
547 2575 703 2630 Bactrianos
724 2572 825 2644 equites
848 2571 883 2624 ad
905 2571 1081 2626 rebellionem
1102 2573 1228 2629 eoncitat.
1264 2577 1325 2645 (27)
1347 2579 1442 2646 itaque

203 2669 253 2706 rea
276 2651 366 2710 divisis
389 2651 474 2723 copiis
492 2652 645 2722 Cyropolim
669 2663 697 2704 et
714 2652 806 2705 urbem
823 2648 1039 2702 Memaeenorum
1060 2659 1227 2722 expugnatas
1251 2652 1346 2718 diruit3
1382 2655 1441 2720 (28)

202 2729 389 2782 Menedemum
406 2730 569 2784 Maracanda
585 2729 673 2794 mittit,
691 2737 721 2782 ut
737 2725 915 2798 Spitamenen
932 2724 994 2778 inde
1013 2726 1177 2796 expelleret,
1195 2727 1255 2798 ipse
1273 2729 1308 2780 ad
1327 2727 1442 2782 Tanaim

143 2855 147 2864 ,
203 2804 393 2860 Alexandriam
411 2807 514 2872 urbem,
532 2805 755 2876 propugnaculum
762 2801 1010 2872 adversusScythaa
1023 2801 1181 2856 brevissimo
1200 2813 1321 2876 tempore
1339 2803 1441 2858 condit.

204 2884 264 2952 (22)
283 2882 362 2947 Quod
379 2899 459 2953 aegre
477 2883 564 2935 serena
582 2899 629 2934 rex
647 2881 801 2949 Scytharum
828 2881 905 2947 (quos
913 2879 991 2948 saiso
1010 2879 1165 2948 Europaeos
1182 2893 1256 2935 uocat
1272 2892 1375 2949 auctor,
1392 2883 1442 2934 du·

198 2960 266 3030 plici
291 2959 391 3026 Tanai,
417 2976 526 3028 quorum
547 2961 615 3012 ulter
635 2961 708 3011 hodie
724 2958 800 3022 Don,
826 2957 894 3008 alter
915 2957 1001 3008 Silam
1020 2967 1142 3024 vocator,
1169 2960 1236 3012 sicut
1257 2961 1309 3028 apri
1335 2958 1441 3020 Graeci,

204 3037 338 3105 deceptas)
356 3033 476 3106 equitum
492 3049 614 3104 maguam
630 3050 733 3086 manum
751 3031 1034 3086 adeamevertoudam
1042 3030 1135 3100 mittit,
1153 3033 1263 3088 dolente
1272 3034 1441 3099 Alexandro,

203 3113 277 3184 qued
294 3112 444 3165 valetudine
460 3109 600 3180 impeditus
619 3126 703 3180 neque
726 3108 861 3174 oratioue,
887 3125 974 3180 neque
1000 3108 1126 3178 exemplo
1152 3127 1201 3164 suo
1217 3111 1384 3165 Macedones
1406 3109 1442 3164 ad

203 3205 320 3259 pugnarn
346 3188 451 3242 sortiter
468 3186 666 3256 ingrediendam
689 3184 803 3238 exuare
824 3194 924 3256 posset
964 3189 1022 3252 (30)
1045 3185 1141 3256 ltaque
1163 3186 1255 3240 anrieis
1277 3187 1392 3257 primum
1413 3185 1442 3239 in

204 3265 341 3320 consilium
360 3263 495 3319 advocatia
514 3264 672 3332 persuadere
689 3262 791 3328 studet,
812 3271 978 3332 quantopere
1000 3262 1080 3314 rebus
1102 3263 1157 3316 suis
1180 3263 1309 3334 expediat
1327 3263 1441 3316 Tanaim

204 3341 316 3396 transire
334 3341 543 3410 Scytharumque
566 3338 731 3391 insolentiam
753 3339 882 3408 frangere.
923 3343 981 3404 (31)
1004 3337 1059 3390 Sed
1076 3355 1136 3392 eanr
1154 3357 1211 3392 renr
1228 3357 1321 3392 omnes
1338 3339 1441 3392 dissua-

204 3420 284 3486 dent,
308 3417 432 3488 Erigyius
455 3417 535 3469 etiam
557 3416 624 3468 rnale
641 3415 741 3466 litatum
758 3431 817 3467 esso
834 3415 988 3466 admoneus.
1023 3413 1069 3466 Ira
1086 3425 1235 3470 commotus
1253 3433 1301 3469 rea
1319 3415 1442 3470 Aristan·

205 3497 282 3548 drum
307 3503 396 3546 vatem
422 3493 553 3562 increpat,
581 3509 629 3544 nee
654 3491 687 3542 de
713 3491 845 3543 sententia
870 3491 984 3544 decedit
1028 3491 1097 3558 (32)
1124 3491 1235 3545 Interim
1261 3491 1440 3562 Spitamenes,

205 3569 346 3702 thasmumptis
356 3566 611 3630 Daharrmrauriliia,
631 3567 814 3694 hleneqlernum
823 3567 946 3694 earqreius
963 3585 1041 3696 nsrqqu
1060 3565 1315 3696 eiroqmdvencrahet
1333 3567 1441 3622 sortiter

225 3644 564 3702 ''cautunmmmaiere
602 3643 942 3696 artemiitrunoecierat.
1033 3653 1397 3698 eamcaemsoerterte
1418 3644 1440 3697 't

204 3725 367 3791 Alexander,
385 3725 445 3792 (33)
463 3739 512 3774 nee
528 3737 562 3773 eo
579 3662 662 3772 iccius
680 3737 747 3788 quae
764 3719 798 3771 ad
817 3717 929 3771 Tanaim
946 3719 1135 3772 trnrraounduur
1153 3719 1303 3773 necessaria
1321 3663 1440 3788 suumin,

204 3809 352 3872 comparat,
380 3808 434 3853 trrm
461 3798 573 3868 primunr
594 3805 656 3864 post
677 3797 768 3848 rnrluus
792 3793 863 3862 apud
879 3794 1051 3848 Memnoonos
1069 3803 1205 3864 ueoeptum
1222 3795 1250 3850 in
1266 3805 1440 3866 conspectum

204 3879 317 3933 militum
334 3875 466 3946 prodiens
501 3871 594 3941 Legati
612 3871 766 3940 Scythanuu
788 3869 816 3922 in
832 3879 919 3922 eastra
936 3871 1058 3935 veniunt,
1083 3875 1140 3934 (34)
1159 3880 1188 3924 et
1206 3873 1329 3925 oratione
1346 3872 1440 3926 hahita

120 3983 131 4010 .,
205 3955 276 4025 regis
293 3953 447 4007 aviditatem
464 3948 623 4019 pauperibus
640 3965 724 4017 aeque
741 3946 904 4000 audiritibus
921 3947 1045 4016 gentibus
1063 3947 1210 4016 imperandi
1229 3949 1439 4016 reprehendunt,

206 4035 264 4100 (35)
282 4029 392 4100 periculi
408 4025 567 4080 imminentia
584 4024 734 4088 admonent,
751 4039 824 4075 suam
840 4021 979 4075 amicitiam
996 4021 1088 4091 aequis
1106 4023 1304 4076 conditionibus
1314 4025 1441 4078 offerrant

206 4111 264 4174 (36)
283 4105 386 4169 Quibus
402 4100 515 4156 dimissis
532 4101 683 4153 Alexander
701 4100 845 4152 exerciturm
862 4115 1007 4168 sanequnm
1024 4098 1107 4168 perite
1126 4099 1224 4152 flumen
1243 4098 1355 4167 traiieit,
1380 4105 1440 4169 (ut)

207 4183 319 4252 Scythas
337 4182 407 4234 sacto
425 4179 524 4248 impetu
542 4176 667 4246 propellit
683 4186 711 4228 et
728 4177 807 4244 leuge
825 4175 999 4244 persequitur.

277 4263 334 4324 (38)
362 4257 423 4321 Qua
443 4254 554 4308 victoria
578 4253 747 4306 barbarorum
773 4249 853 4304 animi
878 4251 969 4316 fracti,
995 4249 1066 4317 regis
1092 4249 1232 4302 elementia
1257 4249 1441 4306 conciliantur.

208 4337 275 4392 Inde
291 4333 453 4388 Maracanda
470 4347 589 4384 reuersus
610 4329 724 4382 rebelles
742 4327 893 4398 Sogdianos
915 4325 987 4378 omni
1009 4326 1085 4377 clade
1104 4325 1249 4394 ulciscitur,
1273 4329 1334 4396 (33)
1352 4346 1441 4398 neque

209 4425 298 4472 tamen
314 4429 368 4466 non
385 4409 467 4464 etiam
483 4405 636 4462 elementiae
654 4405 752 4474 aliquid
769 4403 871 4470 habuit,
888 4401 1000 4458 eariusris
1017 4400 1121 4454 rirtrrtis
1143 4401 1172 4456 in
1189 4403 1266 4458 hoste
1283 4403 1442 4460 admirator.
