3260 5042
233 313 281 385 36
699 323 733 386 o.
762 321 887 376 cuarn
911 323 996 376 aun

231 521 332 586 retur
366 517 546 580 eventurn.
599 505 738 582 Riusus
764 507 991 594 occurrebat,
1018 505 1156 578 maiora
1180 505 1346 604 periculis
1373 527 1473 602 prae
1491 513 1534 564 ²1

232 621 319 706 mia,
359 627 397 690 et
423 616 518 692 siout
543 617 693 693 dubium
719 628 829 706 esset,
863 640 911 687 an
935 613 1112 701 vinceret,
1148 615 1201 685 ita
1230 612 1317 686 illud
1350 615 1474 710 utique

232 737 370 800 certum
396 751 484 820 osse,
511 729 662 803 honeste
688 737 833 798 etcum
857 745 990 818 magna
1015 719 1123 794 laude
1149 722 1371 795 moriturum.
1404 723 1474 796 lta-
1493 747 1536 794 22

234 861 304 934 que
339 863 491 937 corpora
524 838 653 910 milites
688 855 813 906 curare
847 831 967 920 iussit,
995 853 1038 902 ac
1064 828 1194 904 deinde
1221 829 1329 904 tertia
1353 826 1477 927 vigilia

233 947 427 1022 instructos
465 957 503 1018 et
535 953 693 1016 armatos
733 964 821 1014 esse.
880 938 962 1038 Ipse
994 941 1032 1012 in
1064 939 1187 1038 iugum
1223 939 1309 1014 editi
1342 941 1475 1012 montis

233 1058 405 1146 ascendit,
432 1051 624 1147 multisque
650 1050 905 1124 collucentibus
931 1050 1070 1124 facibus
1095 1050 1213 1146 patrio
1239 1075 1339 1123 more
1364 1050 1471 1123 sarari-¹

216 1169 352 1240 ‘ficium
384 1163 451 1234 diis
489 1160 713 1260 praesidibus
744 1161 812 1236 loci
851 1161 944 1236 fecit
1005 1152 1152 1256 Iamque
1184 1161 1346 1250 tertium,
1382 1160 1477 1232 sicut
1496 1183 1538 1232 as

232 1283 464 1372 praeceptum
498 1283 592 1365 erat,
624 1273 765 1371 siguum
796 1272 886 1345 tuba
915 1273 1017 1346 miles
1049 1277 1252 1367 acceperat,
1286 1269 1404 1341 itineri
1430 1269 1476 1342 si·

233 1383 308 1454 mul
334 1393 480 1480 paratus
507 1407 550 1456 ac
576 1384 726 1482 proelio:
752 1393 967 1478 strenueque
993 1381 1081 1454 iussi
1106 1377 1310 1478 procedere,
1336 1378 1476 1452 oriente

233 1493 312 1566 luce
337 1504 581 1592 pervenerunt
606 1491 654 1566 ad
679 1491 879 1588 angustias,
911 1513 1001 1585 quas
1027 1513 1202 1586 occupare
1229 1489 1474 1564 decreveratis

234 1601 394 1676 Dareum
426 1603 574 1700 triginta
607 1600 690 1673 inde
725 1597 842 1672 stadia
873 1597 1000 1672 abesse
1034 1597 1221 1697 praemissi
1257 1597 1473 1671 indicabant
1496 1616 1539 1665 24

233 1711 335 1786 Tunc
360 1713 555 1786 consistere
581 1732 710 1807 agmen
736 1708 850 1800 iubet,
877 1709 1056 1806 armisque
1077 1709 1158 1806 ipse
1184 1707 1336 1806 sumptis
1363 1709 1477 1781 aciem

236 1821 389 1894 ordinat.

184 1925 232 1998 22
336 1927 456 2004 Dareo
475 1927 673 2004 adventum
690 1927 849 2001 hostium
866 1925 988 2027 pavidi
1021 1936 1182 2024 agrestes
1206 1927 1474 2016 nuntiaveriml,

234 2034 299 2114 vix
314 2029 485 2114 'credenti
511 2027 702 2113 occurrere
723 2037 841 2129 etiam,
859 2062 949 2135 quos
975 2048 1018 2111 ut
1043 2037 1220 2133 fugientes
1246 2035 1472 2134 sequebatur.

234 2147 332 2247 Ergo
363 2175 437 2222 non
471 2148 659 2224 mediocris
694 2148 852 2220 omnium
887 2147 1024 2221 animos
1050 2145 1204 2219 formido
1229 2145 1472 2249 [incesseram]
1494 2176 1536 2224 25

234 2259 365 2358 quippe
390 2259 509 2332 itineri
527 2283 634 2356 quam
661 2259 795 2357 proelio
821 2257 978 2357 aptiores
1004 2267 1122 2331 erant:
1148 2258 1349 2355 raptimque
1375 2282 1475 2330 arma

268 2475 291 2544 5.
301 2479 343 2528 21.
364 2474 514 2528 coronabat
522 2477 624 2527 maiora
628 2489 687 2542 por.
700 2474 835 2542 praemio]
871 2475 898 2526 A
915 2471 990 2527 leid.
1005 2471 1115 2534 vocal,
1133 2473 1180 2525 sod
1197 2472 1331 2526 omittitur
1347 2472 1398 2525 hoe
1415 2487 1474 2526 ver·

237 2540 437 2596 Occurrebatim
515 2538 838 2595 naliterrestituitl'reins-
872 2539 935 2595 bum
951 2540 1345 2595 malor.cnsrffl13em.ss
1364 2544 1473 2595 Vocat.

235 2609 336 2664 bemius
358 2626 379 2662 a
458 2609 497 2662 'ce
523 2609 671 2664 Pithoecuo
697 2616 727 2661 ct
752 2607 837 2662 altero
872 2607 950 2662 Solus
967 2609 1039 2662 Flor.
1057 2608 1082 2662 B
1099 2609 1282 2662 collucentibus
1295 2610 1387 2678 patric
1404 2625 1475 2662 mm

235 2677 433 2748 Bongarsiaao:
455 2677 527 2731 bunc
544 2693 600 2731 esse
618 2685 686 2748 puto
703 2676 783 2730 Bora
800 2678 836 2743 A,
863 2678 984 2747 sacitus.
1009 2719 1013 2724 -

306 2763 351 2798 um
368 2745 539 2799 consentiunt
555 2745 630 2798 Leid.
640 2746 716 2798 Voss.
735 2752 747 2797 1
766 2745 837 2798 Flor.
925 2785 932 2797 .
950 2751 992 2799 23.
1015 2747 1107 2798 itineri
1124 2745 1204 2799 simul
1215 2753 1332 2813 paratas
1349 2761 1382 2797 ac
1393 2761 1474 2813 proe-

261 2811 305 2867 D:
323 2812 421 2882 reliqui
437 2821 467 2865 et
483 2814 543 2866 edd.
557 2813 733 2866 vetthabent
750 2828 837 2864 occar-
872 2813 908 2865 lio
955 2813 1011 2866 Pro
1028 2813 1100 2892 vulg.
1119 2822 1142 2864 et
1160 2811 1318 2891 scriptino,
1340 2819 1373 2866 ut
1389 2819 1430 2866 est
1446 2811 1475 2866 ia

234 2880 341 2948 rebant,
370 2895 439 2950 quae
460 2881 624 2935 constructio
643 2895 703 2932 cum
720 2879 751 2932 iis
770 2895 838 2948 quac
873 2879 993 2933 omnibus
1028 2879 1100 2933 libris
1132 2889 1229 2934 nostris
1280 2886 1368 2934 raetai'·
1393 2896 1475 2932 unum

234 2947 481 3070 inseqquunt‘qupon
499 2948 631 3069 coqlvenit.
653 3018 659 3032 ·
720 3024 744 3068 α
771 3013 797 3067 ,ἀ
872 2946 986 3068 {loa}
1004 2947 1079 3068 Nihql
1088 2947 1216 3070 ifflqffis}
1225 2947 1244 3002 S
1285 2951 1475 3068 1itiucrcmen·

239 3083 322 3138 same
348 3035 477 3137 veletmdd
493 3033 564 3137 iiia
578 3031 839 3162 waimari&
891 3031 1091 3137 &afficiam
1108 3033 1290 3154 ordinarffiic
1302 3056 1378 3137 'haud
1395 3067 1488 3154 paulo¹

235 3155 395 3220 superiorem
403 3153 476 3222 fore.
494 3151 567 3206 Nolo
576 3151 620 3204 hic
631 3159 753 3221 repetere
771 3167 839 3220 quae
873 3169 900 3203 m
927 3151 965 3206 'us
990 3167 1070 3220 quam
1087 3151 1159 3230 vulg.
1177 3153 1318 3205 ordinabat
1334 3151 1475 3206 ababa

236 3217 265 3272 in
281 3218 456 3289 grammatica
472 3235 531 3272 mea
549 3223 633 3287 §.354
650 3217 751 3298 scripsi.
872 3217 953 3272 Bam.
972 3218 998 3270 Δ
1016 3235 1077 3272 cum
1094 3219 1168 3272 Lerd.
1186 3220 1263 3272 Voss.
1282 3227 1305 3272 1.

270 3288 295 3354 ἓ·
313 3293 355 3344 22.
373 3291 450 3341 tertia
468 3290 560 3356 cipitia
578 3287 627 3340 ie.
645 3287 732 3339 media
749 3293 836 3354 nocte,
908 3286 974 3356 Cap.
993 3293 1035 3340 22.
1054 3289 1077 3354 ξ.
1095 3293 1137 3340 25.
1170 3289 1283 3340 anniam
1300 3289 1402 3342 animoa
1411 3290 1475 3357 sor-

236 3353 457 3475 inuida
482 3363 580 3476 au
609 3353 839 3476 {limiti
872 3353 1475 3477 ettiitrrrtttlfiaffiffsu

236 3461 384 3541 Manum
399 3493 442 3558 (11,
449 3461 477 3556 a)
495 3461 605 3560 vedpeic
623 3506 683 3542 cum
701 3491 839 3559 profectus
873 3489 942 3542 enim
961 3489 1038 3543 codd.
1058 3463 1475 3544 cumBern.ilLeid.Voss.1.i

237 3563 308 3608 esset
334 3555 406 3609 circa
431 3557 545 3610 mediam
571 3565 677 3612 noctem
703 3557 838 3636 angustias
873 3557 973 3610 babent
990 3560 1104 3610 omnium
1121 3561 1209 3611 animo
1219 3560 1350 3627 formido,
1376 3559 1405 3612 in
1421 3576 1476 3613 uno

236 3622 358 3692 pylatum
376 3625 526 3694 occuparit,
544 3625 673 3696 reliquam
682 3633 838 3695 noctispar-
873 3623 980 3678 Flor.G
995 3626 1226 3695 ssupcrscriptum
1243 3633 1294 3706 cst²
1312 3635 1341 3680 et
1357 3626 1474 3680 iuBern.

236 3697 291 3743 tem
301 3690 436 3760 quiescere
445 3694 600 3762 exercitum,
615 3694 839 3772 deniqucon'ente
873 3693 897 3746 B
916 3701 1026 3746 notatur
1042 3709 1099 3746 esso
1116 3695 1228 3746 animis.-
1250 3695 1346 3747 demde
1363 3697 1475 3748 incesse-

236 3758 297 3838 luca
313 3758 449 3838 explicaro
466 3775 523 3813 scae
542 3777 577 3814 ex
595 3761 722 3832 angmais
735 3761 793 3814 viae
810 3769 839 3814 et
873 3771 916 3814 rat
934 3761 962 3814 in
979 3759 1052 3814 nullo
1071 3760 1163 3814 codice
1180 3760 1317 3815 inventum
1334 3769 1383 3815 eat
1420 3763 1475 3816 Ta·

236 3844 264 3879 rn
281 3827 526 3880 aciemrconsistere
543 3829 625 3882 iussit.
872 3844 933 3880 meu
951 3829 1039 3882 facere
1055 3846 1109 3882 non
1126 3847 1232 3898 possum
1255 3830 1319 3899 quin
1341 3837 1415 3883 recte
1440 3831 1474 3884 ab

270 3897 328 3946 ini
372 3913 406 3948 am
425 3925 459 3936 --
475 3897 606 3966 ascendit]
631 3896 707 3948 Haec
725 3901 766 3947 est
784 3895 844 3947 cdi-
872 3912 904 3950 oo
923 3895 1124 3966 quiprincipom
1134 3897 1396 3964 edit-ionemcuravit,
1415 3899 1475 3950 ani·

237 3969 324 4015 torum
354 3961 469 4016 'brorum
492 3963 572 4018 lectio
591 3981 605 4016 e
624 3962 742 4033 plurimis
760 3963 837 4016 codd.
872 3981 927 4017 nior
945 3967 1088 4018 incesserat
1107 3975 1256 4018 correctum
1279 3974 1386 4034 putem,
1413 3983 1475 4018 nam

238 4030 328 4096 ductat,
355 4031 403 4083 sed
421 4033 509 4101 iuyum
527 4063 562 4072 -
579 4033 696 4084 ascendit
715 4031 794 4082 Bern.
813 4031 836 4082 B
872 4030 959 4110 ipsimi
976 4034 1086 4085 verbum
1107 4033 1129 4084 si
1152 4033 1235 4085 ullum
1253 4032 1398 4086 curt-ienae
1415 4050 1474 4087 ora-

236 4095 308 4150 Flor.
326 4097 354 4150 Η
372 4099 448 4152 Voss.
467 4106 493 4166 2,
517 4101 546 4152 in
564 4101 652 4168 iapum
670 4130 704 4139 -
722 4100 836 4150 escendit
871 4099 938 4152 troni
957 4099 1082 4153 convenit
1099 4107 1127 4152 et
1145 4102 1246 4154 oriiaros
1264 4100 1373 4170 propius
1399 4119 1416 4154 a
1442 4101 1473 4154 li·

237 4163 311 4218 baia
338 4167 419 4219 Bora.
443 4168 481 4233 A,
510 4183 578 4237 quae
604 4165 751 4237 probabilia
775 4175 838 4218 sunt
864 4167 980 4222 ‘brorum
997 4168 1303 4238 scripturaabestquam
1316 4171 1422 4234 animis,
1441 4169 1475 4221 dc

237 4233 332 4354 leriuga,
351 4235 496 4354 sedtamtep
508 4238 663 4289 ascendendi
678 4235 758 4288 verbo
775 4233 837 4288 alibi
873 4253 929 4356 quq
944 4234 1148 4314 constructionis
1167 4236 1296 4290 varietate
1318 4237 1378 4290 vide
1394 4253 1475 4307 supra

307 4319 346 4354 rus
362 4319 417 4355 non
434 4320 452 4354 u
466 4323 474 4355 1
488 4321 527 4356 ur.
873 4319 896 4356 c,
933 4345 939 4356 .

272 4370 325 4423 diis
338 4372 510 4438 praesidibus
529 4373 591 4444 loci]
611 4373 662 4427 Dis
680 4373 706 4426 h.
721 4370 739 4426 l.
756 4371 836 4426 Bern.
924 4387 1002 4440 quom
1033 4373 1147 4444 proelio]
1218 4373 1361 4430 Omittitur
1395 4391 1474 4444 qaum
