<?xml version="1.0" encoding="UTF-8"?>
<!DOCTYPE html PUBLIC "-//W3C//DTD XHTML 1.0 Transitional//EN"
    "http://www.w3.org/TR/xhtml1/DTD/xhtml1-transitional.dtd">
<html xmlns="http://www.w3.org/1999/xhtml" xml:lang="en" lang="en">
 <head>
  <title>
</title>
<meta http-equiv="Content-Type" content="text/html;charset=utf-8" />
  <meta name='ocr-system' content='tesseract 3.04.00' />
  <meta name='ocr-capabilities' content='ocr_page ocr_carea ocr_par ocr_line ocrx_word'/>
</head>
<body>
  <div class='ocr_page' id='page_1' title='image "./qcurtiirufidege03rufugoog_0258.png"; bbox 0 0 3336 5066; ppageno 0'>
   <div class='ocr_carea' id='block_1_1' title="bbox 597 323 1459 410">
    <p class='ocr_par' dir='ltr' id='par_1_1' title="bbox 597 323 1459 410">
     <span class='ocr_line' id='line_1_1' title="bbox 597 323 1459 410; baseline 0.002 -19"><span class='ocrx_word' id='word_1_1' title='bbox 597 342 646 391; x_wconf 85' lang='lat' dir='ltr'><strong>nn</strong></span> <span class='ocrx_word' id='word_1_2' title='bbox 672 340 799 394; x_wconf 84' lang='lat' dir='ltr'><strong>casrrs</strong></span> <span class='ocrx_word' id='word_1_3' title='bbox 825 339 935 392; x_wconf 79' lang='lat' dir='ltr'><strong>arax.</strong></span> <span class='ocrx_word' id='word_1_4' title='bbox 962 341 1012 410; x_wconf 95' lang='lat' dir='ltr'><strong>vr,</strong></span> <span class='ocrx_word' id='word_1_5' title='bbox 1038 339 1064 386; x_wconf 79' lang='lat' dir='ltr'><strong>r.</strong></span> <span class='ocrx_word' id='word_1_6' title='bbox 1387 323 1459 393; x_wconf 81' lang='lat'><strong>231</strong></span> 
     </span>
    </p>
   </div>
   <div class='ocr_carea' id='block_1_2' title="bbox 149 500 1524 2632">
    <p class='ocr_par' dir='ltr' id='par_1_2' title="bbox 176 500 1494 1067">
     <span class='ocr_line' id='line_1_2' title="bbox 176 500 1494 625; baseline 0.002 -28"><span class='ocrx_word' id='word_1_7' title='bbox 176 551 300 602; x_wconf 80' lang='lat' dir='ltr'><strong>rrum</strong></span> <span class='ocrx_word' id='word_1_8' title='bbox 325 523 489 623; x_wconf 89' lang='lat' dir='ltr'><strong>gentium</strong></span> <span class='ocrx_word' id='word_1_9' title='bbox 516 523 835 625; x_wconf 84' lang='lat' dir='ltr'><strong>malaimpulerat.</strong></span> <span class='ocrx_word' id='word_1_10' title='bbox 882 521 984 598; x_wconf 85' lang='lat' dir='ltr'><strong>Hinc·</strong></span> <span class='ocrx_word' id='word_1_11' title='bbox 1002 523 1144 621; x_wconf 86' lang='lat' dir='ltr'><strong>saepius</strong></span> <span class='ocrx_word' id='word_1_12' title='bbox 1172 535 1399 622; x_wconf 79' lang='lat' dir='ltr'><strong>comparatae</strong></span> <span class='ocrx_word' id='word_1_13' title='bbox 1424 500 1494 599; x_wconf 44' lang='lat' dir='ltr'><strong>in&#39;</strong></span> 
     </span>
     <span class='ocr_line' id='line_1_3' title="bbox 220 635 1462 737; baseline 0 -27"><span class='ocrx_word' id='word_1_14' title='bbox 220 645 331 734; x_wconf 88' lang='lat' dir='ltr'><strong>caput</strong></span> <span class='ocrx_word' id='word_1_15' title='bbox 355 635 432 707; x_wconf 90' lang='lat' dir='ltr'><strong>eius</strong></span> <span class='ocrx_word' id='word_1_16' title='bbox 458 635 624 729; x_wconf 84' lang='lat' dir='ltr'><strong>insidiae,</strong></span> <span class='ocrx_word' id='word_1_17' title='bbox 660 638 813 737; x_wconf 86' lang='lat' dir='ltr'><strong>secessio</strong></span> <span class='ocrx_word' id='word_1_18' title='bbox 840 636 1006 724; x_wconf 92' lang='lat' dir='ltr'><strong>militum,</strong></span> <span class='ocrx_word' id='word_1_19' title='bbox 1038 645 1076 708; x_wconf 92' lang='lat' dir='ltr'><strong>et</strong></span> <span class='ocrx_word' id='word_1_20' title='bbox 1100 635 1243 708; x_wconf 87' lang='lat' dir='ltr'><strong>liberior</strong></span> <span class='ocrx_word' id='word_1_21' title='bbox 1269 635 1362 709; x_wconf 88' lang='lat' dir='ltr'><strong>inter</strong></span> <span class='ocrx_word' id='word_1_22' title='bbox 1387 663 1462 710; x_wconf 91' lang='lat' dir='ltr'><strong>mu·</strong></span> 
     </span>
     <span class='ocr_line' id='line_1_4' title="bbox 220 745 1461 846; baseline 0.001 -25"><span class='ocrx_word' id='word_1_23' title='bbox 220 759 303 821; x_wconf 88' lang='lat' dir='ltr'><strong>tuas</strong></span> <span class='ocrx_word' id='word_1_24' title='bbox 331 747 494 844; x_wconf 80' lang='lat' dir='ltr'><strong>querelas</strong></span> <span class='ocrx_word' id='word_1_25' title='bbox 522 748 638 839; x_wconf 92' lang='lat' dir='ltr'><strong>dolor,</strong></span> <span class='ocrx_word' id='word_1_26' title='bbox 671 748 781 846; x_wconf 90' lang='lat' dir='ltr'><strong>ipsius</strong></span> <span class='ocrx_word' id='word_1_27' title='bbox 809 745 938 820; x_wconf 88' lang='lat' dir='ltr'><strong>deindo</strong></span> <span class='ocrx_word' id='word_1_28' title='bbox 964 773 1060 820; x_wconf 89' lang='lat' dir='ltr'><strong>nrmc</strong></span> <span class='ocrx_word' id='word_1_29' title='bbox 1085 747 1147 836; x_wconf 88' lang='lat' dir='ltr'><strong>ira,</strong></span> <span class='ocrx_word' id='word_1_30' title='bbox 1174 770 1268 818; x_wconf 90' lang='lat' dir='ltr'><strong>nunc</strong></span> <span class='ocrx_word' id='word_1_31' title='bbox 1294 749 1461 846; x_wconf 87' lang='lat' dir='ltr'><strong>suspicio-</strong></span> 
     </span>
     <span class='ocr_line' id='line_1_5' title="bbox 221 858 1462 956; baseline 0.002 -26"><span class='ocrx_word' id='word_1_32' title='bbox 221 883 308 948; x_wconf 78' lang='lat' dir='ltr'><strong>nes,</strong></span> <span class='ocrx_word' id='word_1_33' title='bbox 325 881 414 955; x_wconf 87' lang='lat' dir='ltr'><strong>quas</strong></span> <span class='ocrx_word' id='word_1_34' title='bbox 435 861 618 934; x_wconf 87' lang='lat' dir='ltr'><strong>excitabat</strong></span> <span class='ocrx_word' id='word_1_35' title='bbox 635 860 858 932; x_wconf 88' lang='lat' dir='ltr'><strong>inconsultus</strong></span> <span class='ocrx_word' id='word_1_36' title='bbox 878 884 1003 956; x_wconf 90' lang='lat' dir='ltr'><strong>pavor,</strong></span> <span class='ocrx_word' id='word_1_37' title='bbox 1030 870 1219 955; x_wconf 87' lang='lat' dir='ltr'><strong>ceteraque</strong></span> <span class='ocrx_word' id='word_1_38' title='bbox 1245 858 1299 930; x_wconf 91' lang='lat' dir='ltr'><strong>his</strong></span> <span class='ocrx_word' id='word_1_39' title='bbox 1326 859 1462 950; x_wconf 86' lang='lat' dir='ltr'><strong>similia,</strong></span> 
     </span>
     <span class='ocr_line' id='line_1_6' title="bbox 222 968 670 1067; baseline -0.004 -25"><span class='ocrx_word' id='word_1_40' title='bbox 222 994 314 1067; x_wconf 90' lang='lat' dir='ltr'><strong>quae</strong></span> <span class='ocrx_word' id='word_1_41' title='bbox 341 968 472 1045; x_wconf 89' lang='lat' dir='ltr'><strong>deinde</strong></span> <span class='ocrx_word' id='word_1_42' title='bbox 499 971 670 1046; x_wconf 92' lang='lat' dir='ltr'><strong>dicentur.</strong></span> 
     </span>
    </p>

    <p class='ocr_par' dir='ltr' id='par_1_3' title="bbox 185 1079 1513 1515">
     <span class='ocr_line' id='line_1_7' title="bbox 185 1079 1513 1181; baseline 0.004 -32"><span class='ocrx_word' id='word_1_43' title='bbox 185 1101 201 1149; x_wconf 75' lang='lat' dir='ltr'><strong>a</strong></span> <span class='ocrx_word' id='word_1_44' title='bbox 325 1079 440 1180; x_wconf 86' lang='lat' dir='ltr'><strong>Igitur</strong></span> <span class='ocrx_word' id='word_1_45' title='bbox 467 1108 549 1156; x_wconf 90' lang='lat' dir='ltr'><strong>cum</strong></span> <span class='ocrx_word' id='word_1_46' title='bbox 575 1081 837 1179; x_wconf 78' lang='lat' dir='ltr'><strong>intempestivis</strong></span> <span class='ocrx_word' id='word_1_47' title='bbox 864 1081 1037 1156; x_wconf 91' lang='lat' dir='ltr'><strong>conviviis</strong></span> <span class='ocrx_word' id='word_1_48' title='bbox 1065 1080 1140 1156; x_wconf 89' lang='lat' dir='ltr'><strong>dies</strong></span> <span class='ocrx_word' id='word_1_49' title='bbox 1166 1083 1299 1181; x_wconf 87' lang='lat' dir='ltr'><strong>pariter</strong></span> <span class='ocrx_word' id='word_1_50' title='bbox 1325 1092 1463 1156; x_wconf 88' lang='lat' dir='ltr'><strong>noctes·</strong></span> <span class='ocrx_word' id='word_1_51' title='bbox 1493 1087 1513 1154; x_wconf 88' lang='lat'>5</span> 
     </span>
     <span class='ocr_line' id='line_1_8' title="bbox 223 1182 1464 1291; baseline 0 -25"><span class='ocrx_word' id='word_1_52' title='bbox 223 1217 292 1291; x_wconf 91' lang='lat' dir='ltr'><strong>que</strong></span> <span class='ocrx_word' id='word_1_53' title='bbox 314 1203 552 1284; x_wconf 83' lang='lat' dir='ltr'><strong>consumeret,</strong></span> <span class='ocrx_word' id='word_1_54' title='bbox 578 1193 782 1266; x_wconf 88' lang='lat' dir='ltr'><strong>satietatem</strong></span> <span class='ocrx_word' id='word_1_55' title='bbox 801 1182 987 1291; x_wconf 89' lang='lat' dir='ltr'><strong>epularum</strong></span> <span class='ocrx_word' id='word_1_56' title='bbox 1000 1193 1094 1266; x_wconf 93' lang='lat' dir='ltr'><strong>ludis</strong></span> <span class='ocrx_word' id='word_1_57' title='bbox 1113 1192 1372 1291; x_wconf 82' lang='lat' dir='ltr'><strong>interpellabat,</strong></span> <span class='ocrx_word' id='word_1_58' title='bbox 1391 1219 1464 1268; x_wconf 91' lang='lat' dir='ltr'><strong>non</strong></span> 
     </span>
     <span class='ocr_line' id='line_1_9' title="bbox 224 1300 1465 1404; baseline 0 -26"><span class='ocrx_word' id='word_1_59' title='bbox 224 1314 415 1380; x_wconf 89' lang='lat' dir='ltr'><strong>contentus</strong></span> <span class='ocrx_word' id='word_1_60' title='bbox 437 1303 624 1395; x_wconf 87' lang='lat' dir='ltr'><strong>artificum,</strong></span> <span class='ocrx_word' id='word_1_61' title='bbox 645 1329 735 1401; x_wconf 91' lang='lat' dir='ltr'><strong>quos</strong></span> <span class='ocrx_word' id='word_1_62' title='bbox 759 1329 779 1377; x_wconf 88' lang='lat' dir='ltr'><strong>e</strong></span> <span class='ocrx_word' id='word_1_63' title='bbox 800 1300 952 1378; x_wconf 85' lang='lat' dir='ltr'><strong>Graecia</strong></span> <span class='ocrx_word' id='word_1_64' title='bbox 971 1307 1164 1395; x_wconf 78' lang='lat' dir='ltr'><strong>exciverat,</strong></span> <span class='ocrx_word' id='word_1_65' title='bbox 1185 1306 1306 1378; x_wconf 89' lang='lat' dir='ltr'><strong>turba:</strong></span> <span class='ocrx_word' id='word_1_66' title='bbox 1333 1305 1465 1404; x_wconf 90' lang='lat' dir='ltr'><strong>quippe</strong></span> 
     </span>
     <span class='ocr_line' id='line_1_10' title="bbox 224 1415 1465 1515; baseline -0.002 -23"><span class='ocrx_word' id='word_1_67' title='bbox 224 1418 387 1515; x_wconf 86' lang='lat' dir='ltr'><strong>captivae</strong></span> <span class='ocrx_word' id='word_1_68' title='bbox 413 1415 631 1489; x_wconf 85' lang='lat' dir='ltr'><strong>iubebantur</strong></span> <span class='ocrx_word' id='word_1_69' title='bbox 657 1441 723 1489; x_wconf 91' lang='lat' dir='ltr'><strong>suo</strong></span> <span class='ocrx_word' id='word_1_70' title='bbox 749 1417 821 1488; x_wconf 89' lang='lat' dir='ltr'><strong>ritu</strong></span> <span class='ocrx_word' id='word_1_71' title='bbox 847 1441 991 1508; x_wconf 87' lang='lat' dir='ltr'><strong>canere,</strong></span> <span class='ocrx_word' id='word_1_72' title='bbox 1018 1416 1237 1491; x_wconf 91' lang='lat' dir='ltr'><strong>inconditum</strong></span> <span class='ocrx_word' id='word_1_73' title='bbox 1270 1427 1306 1490; x_wconf 91' lang='lat' dir='ltr'><strong>et</strong></span> <span class='ocrx_word' id='word_1_74' title='bbox 1338 1417 1465 1491; x_wconf 90' lang='lat' dir='ltr'><strong>abhor-</strong></span> 
     </span>
    </p>

    <p class='ocr_par' dir='ltr' id='par_1_4' title="bbox 187 1525 1524 2074">
     <span class='ocr_line' id='line_1_11' title="bbox 187 1525 1512 1626; baseline 0.003 -30"><span class='ocrx_word' id='word_1_75' title='bbox 187 1546 309 1600; x_wconf 82' lang='lat' dir='ltr'><strong>erens</strong></span> <span class='ocrx_word' id='word_1_76' title='bbox 334 1527 532 1626; x_wconf 85' lang='lat' dir='ltr'><strong>peregrinis</strong></span> <span class='ocrx_word' id='word_1_77' title='bbox 558 1527 705 1601; x_wconf 91' lang='lat' dir='ltr'><strong>auribus</strong></span> <span class='ocrx_word' id='word_1_78' title='bbox 733 1551 886 1600; x_wconf 86' lang='lat' dir='ltr'><strong>carmen.</strong></span> <span class='ocrx_word' id='word_1_79' title='bbox 925 1525 1023 1602; x_wconf 88' lang='lat' dir='ltr'><strong>Inter</strong></span> <span class='ocrx_word' id='word_1_80' title='bbox 1049 1552 1137 1624; x_wconf 89' lang='lat' dir='ltr'><strong>quas</strong></span> <span class='ocrx_word' id='word_1_81' title='bbox 1165 1553 1272 1600; x_wconf 87' lang='lat' dir='ltr'><strong>unam</strong></span> <span class='ocrx_word' id='word_1_82' title='bbox 1299 1552 1364 1602; x_wconf 89' lang='lat' dir='ltr'><strong>rex</strong></span> <span class='ocrx_word' id='word_1_83' title='bbox 1388 1531 1467 1626; x_wconf 89' lang='lat' dir='ltr'><strong>ipse</strong></span> <span class='ocrx_word' id='word_1_84' title='bbox 1505 1563 1512 1570; x_wconf 91' lang='lat'><strong>·</strong></span> 
     </span>
     <span class='ocr_line' id='line_1_12' title="bbox 225 1637 1524 1741; baseline 0.002 -30"><span class='ocrx_word' id='word_1_85' title='bbox 225 1639 415 1736; x_wconf 86' lang='lat' dir='ltr'><strong>conspexit</strong></span> <span class='ocrx_word' id='word_1_86' title='bbox 439 1639 669 1712; x_wconf 89' lang='lat' dir='ltr'><strong>maestiorem</strong></span> <span class='ocrx_word' id='word_1_87' title='bbox 696 1665 803 1737; x_wconf 91' lang='lat' dir='ltr'><strong>quam</strong></span> <span class='ocrx_word' id='word_1_88' title='bbox 829 1648 985 1728; x_wconf 88' lang='lat' dir='ltr'><strong>ceteras,</strong></span> <span class='ocrx_word' id='word_1_89' title='bbox 1018 1650 1055 1712; x_wconf 92' lang='lat' dir='ltr'><strong>et</strong></span> <span class='ocrx_word' id='word_1_90' title='bbox 1081 1637 1359 1737; x_wconf 88' lang='lat' dir='ltr'><strong>producentibus</strong></span> <span class='ocrx_word' id='word_1_91' title='bbox 1387 1665 1467 1713; x_wconf 91' lang='lat' dir='ltr'><strong>earn</strong></span> <span class='ocrx_word' id='word_1_92' title='bbox 1522 1731 1524 1741; x_wconf 58' lang='lat'><strong>.</strong></span> 
     </span>
     <span class='ocr_line' id='line_1_13' title="bbox 226 1747 1467 1841; baseline 0.003 -19"><span class='ocrx_word' id='word_1_93' title='bbox 226 1747 428 1824; x_wconf 89' lang='lat' dir='ltr'><strong>verecunde</strong></span> <span class='ocrx_word' id='word_1_94' title='bbox 459 1751 706 1823; x_wconf 87' lang='lat' dir='ltr'><strong>reluctantem.</strong></span> <span class='ocrx_word' id='word_1_95' title='bbox 759 1748 948 1824; x_wconf 85' lang='lat' dir='ltr'><strong>Excellens</strong></span> <span class='ocrx_word' id='word_1_96' title='bbox 981 1761 1059 1824; x_wconf 89' lang='lat' dir='ltr'><strong>erat</strong></span> <span class='ocrx_word' id='word_1_97' title='bbox 1084 1751 1213 1841; x_wconf 89' lang='lat' dir='ltr'><strong>forma,</strong></span> <span class='ocrx_word' id='word_1_98' title='bbox 1247 1761 1284 1824; x_wconf 91' lang='lat' dir='ltr'><strong>et</strong></span> <span class='ocrx_word' id='word_1_99' title='bbox 1314 1751 1467 1826; x_wconf 84' lang='lat' dir='ltr'><strong>formam</strong></span> 
     </span>
     <span class='ocr_line' id='line_1_14' title="bbox 226 1860 1467 1960; baseline 0 -26"><span class='ocrx_word' id='word_1_100' title='bbox 226 1860 343 1960; x_wconf 89' lang='lat' dir='ltr'><strong>pudor</strong></span> <span class='ocrx_word' id='word_1_101' title='bbox 369 1861 602 1936; x_wconf 86' lang='lat' dir='ltr'><strong>honestabat:</strong></span> <span class='ocrx_word' id='word_1_102' title='bbox 636 1860 783 1936; x_wconf 90' lang='lat' dir='ltr'><strong>deiectis</strong></span> <span class='ocrx_word' id='word_1_103' title='bbox 816 1862 853 1934; x_wconf 89' lang='lat' dir='ltr'><strong>in</strong></span> <span class='ocrx_word' id='word_1_104' title='bbox 887 1871 1021 1935; x_wconf 83' lang='lat' dir='ltr'><strong>temam</strong></span> <span class='ocrx_word' id='word_1_105' title='bbox 1052 1863 1178 1953; x_wconf 75' lang='lat' dir='ltr'><strong>oculiS,</strong></span> <span class='ocrx_word' id='word_1_106' title='bbox 1212 1874 1266 1952; x_wconf 89' lang='lat' dir='ltr'><strong>at,</strong></span> <span class='ocrx_word' id='word_1_107' title='bbox 1293 1872 1467 1960; x_wconf 89' lang='lat' dir='ltr'><strong>quantum</strong></span> 
     </span>
     <span class='ocr_line' id='line_1_15' title="bbox 226 1971 1467 2074; baseline -0.002 -26"><span class='ocrx_word' id='word_1_108' title='bbox 226 1973 371 2064; x_wconf 87' lang='lat' dir='ltr'><strong>licebat,</strong></span> <span class='ocrx_word' id='word_1_109' title='bbox 400 1985 467 2046; x_wconf 80' lang='lat' dir='ltr'><strong>‘ore</strong></span> <span class='ocrx_word' id='word_1_110' title='bbox 492 1972 614 2048; x_wconf 89' lang='lat' dir='ltr'><strong>velato</strong></span> <span class='ocrx_word' id='word_1_111' title='bbox 621 2011 637 2064; x_wconf 88' lang='lat'><strong>,·</strong></span> <span class='ocrx_word' id='word_1_112' title='bbox 658 1971 900 2072; x_wconf 77' lang='lat' dir='ltr'><strong>suspicionem</strong></span> <span class='ocrx_word' id='word_1_113' title='bbox 934 1973 1100 2071; x_wconf 84' lang='lat' dir='ltr'><strong>praebuit</strong></span> <span class='ocrx_word' id='word_1_114' title='bbox 1131 1976 1221 2074; x_wconf 89' lang='lat' dir='ltr'><strong>regi,</strong></span> <span class='ocrx_word' id='word_1_115' title='bbox 1256 1973 1467 2049; x_wconf 88' lang='lat' dir='ltr'><strong>nobiliorem</strong></span> 
     </span>
    </p>

    <p class='ocr_par' dir='ltr' id='par_1_5' title="bbox 191 2081 1469 2521">
     <span class='ocr_line' id='line_1_16' title="bbox 191 2081 1466 2182; baseline -0.002 -22"><span class='ocrx_word' id='word_1_116' title='bbox 191 2107 316 2177; x_wconf 78' lang='lat' dir='ltr'><strong>tasse,</strong></span> <span class='ocrx_word' id='word_1_117' title='bbox 345 2109 454 2182; x_wconf 91' lang='lat' dir='ltr'><strong>quam</strong></span> <span class='ocrx_word' id='word_1_118' title='bbox 479 2095 522 2160; x_wconf 91' lang='lat' dir='ltr'><strong>ut</strong></span> <span class='ocrx_word' id='word_1_119' title='bbox 539 2085 633 2158; x_wconf 92' lang='lat' dir='ltr'><strong>inter</strong></span> <span class='ocrx_word' id='word_1_120' title='bbox 656 2085 874 2160; x_wconf 91' lang='lat' dir='ltr'><strong>conviviales</strong></span> <span class='ocrx_word' id='word_1_121' title='bbox 892 2083 998 2159; x_wconf 92' lang='lat' dir='ltr'><strong>ludos</strong></span> <span class='ocrx_word' id='word_1_122' title='bbox 1024 2084 1173 2160; x_wconf 89' lang='lat' dir='ltr'><strong>deberet</strong></span> <span class='ocrx_word' id='word_1_123' title='bbox 1193 2084 1342 2160; x_wconf 87' lang='lat' dir='ltr'><strong>ostendi.</strong></span> <span class='ocrx_word' id='word_1_124' title='bbox 1368 2081 1466 2182; x_wconf 85' lang='lat' dir='ltr'><strong>Ergo</strong></span> 
     </span>
     <span class='ocr_line' id='line_1_17' title="bbox 227 2194 1467 2300; baseline -0.002 -30"><span class='ocrx_word' id='word_1_125' title='bbox 227 2199 458 2296; x_wconf 83' lang='lat' dir='ltr'><strong>interrogata,</strong></span> <span class='ocrx_word' id='word_1_126' title='bbox 485 2220 662 2294; x_wconf 89' lang='lat' dir='ltr'><strong>quaenam</strong></span> <span class='ocrx_word' id='word_1_127' title='bbox 689 2198 807 2272; x_wconf 85' lang='lat' dir='ltr'><strong>esset?</strong></span> <span class='ocrx_word' id='word_1_128' title='bbox 833 2197 970 2297; x_wconf 89' lang='lat' dir='ltr'><strong>neptim</strong></span> <span class='ocrx_word' id='word_1_129' title='bbox 994 2223 1035 2273; x_wconf 91' lang='lat' dir='ltr'><strong>se</strong></span> <span class='ocrx_word' id='word_1_130' title='bbox 1061 2194 1161 2300; x_wconf 85' lang='lat' dir='ltr'><strong>Ochi,</strong></span> <span class='ocrx_word' id='word_1_131' title='bbox 1188 2199 1248 2295; x_wconf 94' lang='lat' dir='ltr'><strong>qui</strong></span> <span class='ocrx_word' id='word_1_132' title='bbox 1274 2220 1388 2295; x_wconf 88' lang='lat' dir='ltr'><strong>nuper</strong></span> <span class='ocrx_word' id='word_1_133' title='bbox 1414 2219 1467 2268; x_wconf 92' lang='lat' dir='ltr'><strong>re·</strong></span> 
     </span>
     <span class='ocr_line' id='line_1_18' title="bbox 229 2305 1469 2408; baseline -0.002 -26"><span class='ocrx_word' id='word_1_134' title='bbox 229 2319 376 2407; x_wconf 86' lang='lat' dir='ltr'><strong>gnssset</strong></span> <span class='ocrx_word' id='word_1_135' title='bbox 392 2309 430 2381; x_wconf 93' lang='lat' dir='ltr'><strong>in</strong></span> <span class='ocrx_word' id='word_1_136' title='bbox 448 2305 579 2399; x_wconf 89' lang='lat' dir='ltr'><strong>Persis,</strong></span> <span class='ocrx_word' id='word_1_137' title='bbox 605 2309 679 2384; x_wconf 90' lang='lat' dir='ltr'><strong>filio</strong></span> <span class='ocrx_word' id='word_1_138' title='bbox 699 2311 774 2383; x_wconf 89' lang='lat' dir='ltr'><strong>eius</strong></span> <span class='ocrx_word' id='word_1_139' title='bbox 793 2309 951 2408; x_wconf 87' lang='lat' dir='ltr'><strong>genitam</strong></span> <span class='ocrx_word' id='word_1_140' title='bbox 975 2334 1065 2400; x_wconf 88' lang='lat' dir='ltr'><strong>esse,</strong></span> <span class='ocrx_word' id='word_1_141' title='bbox 1091 2308 1290 2406; x_wconf 89' lang='lat' dir='ltr'><strong>respondit;</strong></span> <span class='ocrx_word' id='word_1_142' title='bbox 1317 2331 1469 2380; x_wconf 88' lang='lat' dir='ltr'><strong>uxorem</strong></span> 
     </span>
     <span class='ocr_line' id='line_1_19' title="bbox 225 2417 1468 2521; baseline -0.002 -26"><span class='ocrx_word' id='word_1_143' title='bbox 225 2421 421 2521; x_wconf 86' lang='lat' dir='ltr'><strong>Hystaspis</strong></span> <span class='ocrx_word' id='word_1_144' title='bbox 452 2418 572 2494; x_wconf 89' lang='lat' dir='ltr'><strong>fuisse.</strong></span> <span class='ocrx_word' id='word_1_145' title='bbox 625 2417 854 2520; x_wconf 89' lang='lat' dir='ltr'><strong>Propinquus</strong></span> <span class='ocrx_word' id='word_1_146' title='bbox 885 2421 944 2494; x_wconf 90' lang='lat' dir='ltr'><strong>hic</strong></span> <span class='ocrx_word' id='word_1_147' title='bbox 975 2417 1084 2494; x_wconf 88' lang='lat' dir='ltr'><strong>Darei</strong></span> <span class='ocrx_word' id='word_1_148' title='bbox 1114 2419 1245 2510; x_wconf 87' lang='lat' dir='ltr'><strong>firerat,</strong></span> <span class='ocrx_word' id='word_1_149' title='bbox 1278 2419 1397 2517; x_wconf 86' lang='lat' dir='ltr'><strong>magni</strong></span> <span class='ocrx_word' id='word_1_150' title='bbox 1430 2429 1468 2493; x_wconf 89' lang='lat' dir='ltr'><strong>et</strong></span> 
     </span>
    </p>

    <p class='ocr_par' dir='ltr' id='par_1_6' title="bbox 149 2530 1466 2632">
     <span class='ocr_line' id='line_1_20' title="bbox 149 2530 1466 2632; baseline 0.004 -32"><span class='ocrx_word' id='word_1_151' title='bbox 149 2533 153 2540; x_wconf 84' lang='lat'>&#39;</span> <span class='ocrx_word' id='word_1_152' title='bbox 192 2534 303 2632; x_wconf 89' lang='lat' dir='ltr'><strong>aipse</strong></span> <span class='ocrx_word' id='word_1_153' title='bbox 329 2532 509 2607; x_wconf 89' lang='lat' dir='ltr'><strong>exercitus</strong></span> <span class='ocrx_word' id='word_1_154' title='bbox 536 2543 691 2632; x_wconf 87' lang='lat' dir='ltr'><strong>praetor.</strong></span> <span class='ocrx_word' id='word_1_155' title='bbox 744 2530 876 2606; x_wconf 87' lang='lat' dir='ltr'><strong>Adhuc</strong></span> <span class='ocrx_word' id='word_1_156' title='bbox 907 2533 944 2605; x_wconf 93' lang='lat' dir='ltr'><strong>in</strong></span> <span class='ocrx_word' id='word_1_157' title='bbox 970 2532 1089 2604; x_wconf 90' lang='lat' dir='ltr'><strong>animo</strong></span> <span class='ocrx_word' id='word_1_158' title='bbox 1115 2533 1208 2630; x_wconf 90' lang='lat' dir='ltr'><strong>regis</strong></span> <span class='ocrx_word' id='word_1_159' title='bbox 1236 2542 1361 2606; x_wconf 90' lang='lat' dir='ltr'><strong>tenues</strong></span> <span class='ocrx_word' id='word_1_160' title='bbox 1387 2533 1466 2607; x_wconf 90' lang='lat' dir='ltr'><strong>reli-</strong></span> 
     </span>
    </p>
   </div>
   <div class='ocr_carea' id='block_1_3' title="bbox 120 2731 1469 3764">
    <p class='ocr_par' dir='ltr' id='par_1_7' title="bbox 227 2731 1468 2952">
     <span class='ocr_line' id='line_1_21' title="bbox 261 2731 1466 2806; baseline 0 -17"><span class='ocrx_word' id='word_1_161' title='bbox 261 2734 327 2806; x_wconf 85' lang='lat' dir='ltr'><strong>Csp.</strong></span> <span class='ocrx_word' id='word_1_162' title='bbox 337 2741 363 2803; x_wconf 81' lang='lat' dir='ltr'><strong>t,</strong></span> <span class='ocrx_word' id='word_1_163' title='bbox 373 2739 398 2806; x_wconf 69' lang='grc' dir='ltr'><strong>ς.</strong></span> <span class='ocrx_word' id='word_1_164' title='bbox 409 2741 433 2788; x_wconf 75' lang='lat' dir='ltr'><strong>b.</strong></span> <span class='ocrx_word' id='word_1_165' title='bbox 451 2735 523 2789; x_wconf 80' lang='lat' dir='ltr'><strong>ludis</strong></span> <span class='ocrx_word' id='word_1_166' title='bbox 541 2735 724 2805; x_wconf 76' lang='lat' dir='ltr'><strong>interpellabat</strong></span> <span class='ocrx_word' id='word_1_167' title='bbox 740 2749 831 2788; x_wconf 83' lang='lat' dir='ltr'><strong>ornnes</strong></span> <span class='ocrx_word' id='word_1_168' title='bbox 866 2733 969 2787; x_wconf 83' lang='lat' dir='ltr'><strong>Nostra</strong></span> <span class='ocrx_word' id='word_1_169' title='bbox 977 2733 1109 2787; x_wconf 86' lang='lat' dir='ltr'><strong>scribendi</strong></span> <span class='ocrx_word' id='word_1_170' title='bbox 1117 2733 1185 2787; x_wconf 84' lang='lat' dir='ltr'><strong>ratio</strong></span> <span class='ocrx_word' id='word_1_171' title='bbox 1199 2731 1293 2786; x_wconf 86' lang='lat' dir='ltr'><strong>nititur·</strong></span> <span class='ocrx_word' id='word_1_172' title='bbox 1309 2732 1466 2788; x_wconf 83' lang='lat' dir='ltr'><strong>auctoritate</strong></span> 
     </span>
     <span class='ocr_line' id='line_1_22' title="bbox 227 2801 1468 2874; baseline -0.001 -15"><span class='ocrx_word' id='word_1_173' title='bbox 227 2803 302 2858; x_wconf 84' lang='lat' dir='ltr'><strong>codd.</strong></span> <span class='ocrx_word' id='word_1_174' title='bbox 324 2803 418 2859; x_wconf 78' lang='lat' dir='ltr'><strong>nostri.</strong></span> <span class='ocrx_word' id='word_1_175' title='bbox 457 2803 548 2874; x_wconf 88' lang='lat' dir='ltr'><strong>Vulgo</strong></span> <span class='ocrx_word' id='word_1_176' title='bbox 578 2811 607 2857; x_wconf 85' lang='lat' dir='ltr'><strong>ct</strong></span> <span class='ocrx_word' id='word_1_177' title='bbox 634 2802 703 2856; x_wconf 81' lang='lat' dir='ltr'><strong>mala</strong></span> <span class='ocrx_word' id='word_1_178' title='bbox 725 2803 832 2874; x_wconf 87' lang='lat' dir='ltr'><strong>quidem</strong></span> <span class='ocrx_word' id='word_1_179' title='bbox 867 2802 947 2855; x_wconf 81' lang='lat' dir='ltr'><strong>Ber-n.</strong></span> <span class='ocrx_word' id='word_1_180' title='bbox 970 2803 996 2854; x_wconf 81' lang='grc' dir='ltr'><strong>Δ</strong></span> <span class='ocrx_word' id='word_1_181' title='bbox 1021 2801 1093 2856; x_wconf 75' lang='lat' dir='ltr'><strong>Flos.</strong></span> <span class='ocrx_word' id='word_1_182' title='bbox 1111 2803 1137 2854; x_wconf 81' lang='grc' dir='ltr'><strong>Δ</strong></span> <span class='ocrx_word' id='word_1_183' title='bbox 1159 2801 1232 2855; x_wconf 82' lang='lat' dir='ltr'><strong>Laid</strong></span> <span class='ocrx_word' id='word_1_184' title='bbox 1250 2801 1330 2856; x_wconf 90' lang='lat' dir='ltr'><strong>Voss.</strong></span> <span class='ocrx_word' id='word_1_185' title='bbox 1359 2811 1371 2856; x_wconf 91' lang='lat'><em>1</em></span> <span class='ocrx_word' id='word_1_186' title='bbox 1407 2803 1468 2858; x_wconf 86' lang='lat' dir='ltr'><strong>Mo·</strong></span> 
     </span>
     <span class='ocr_line' id='line_1_23' title="bbox 227 2869 1467 2952; baseline 0 -28"><span class='ocrx_word' id='word_1_187' title='bbox 227 2873 408 2942; x_wconf 81' lang='lat' dir='ltr'><strong>interpolabat.</strong></span> <span class='ocrx_word' id='word_1_188' title='bbox 442 2871 514 2926; x_wconf 88' lang='lat' dir='ltr'><strong>Vide</strong></span> <span class='ocrx_word' id='word_1_189' title='bbox 530 2873 566 2926; x_wconf 85' lang='lat' dir='ltr'><strong>ad</strong></span> <span class='ocrx_word' id='word_1_190' title='bbox 583 2887 623 2937; x_wconf 74' lang='lat' dir='ltr'><strong>IV,</strong></span> <span class='ocrx_word' id='word_1_191' title='bbox 642 2877 684 2926; x_wconf 78' lang='grc'><strong>28.</strong></span> <span class='ocrx_word' id='word_1_192' title='bbox 835 2933 837 2938; x_wconf 28' lang='grc' dir='ltr'>Ι</span> <span class='ocrx_word' id='word_1_193' title='bbox 866 2870 960 2923; x_wconf 80' lang='lat' dir='ltr'><strong>dianae</strong></span> <span class='ocrx_word' id='word_1_194' title='bbox 976 2869 1108 2924; x_wconf 86' lang='lat' dir='ltr'><strong>editionis.</strong></span> <span class='ocrx_word' id='word_1_195' title='bbox 1134 2871 1177 2923; x_wconf 83' lang='lat' dir='ltr'><strong>Ad</strong></span> <span class='ocrx_word' id='word_1_196' title='bbox 1194 2869 1343 2952; x_wconf 84' lang='lat' dir='ltr'><strong>analogiam</strong></span> <span class='ocrx_word' id='word_1_197' title='bbox 1360 2870 1467 2943; x_wconf 88' lang='lat' dir='ltr'><strong>quidam</strong></span> 
     </span>
    </p>

    <p class='ocr_par' dir='ltr' id='par_1_8' title="bbox 261 2937 1467 3011">
     <span class='ocr_line' id='line_1_24' title="bbox 261 2937 1467 3011; baseline -0.001 -17"><span class='ocrx_word' id='word_1_198' title='bbox 261 2944 403 3009; x_wconf 66' lang='lat' dir='ltr'><strong>adama,</strong></span> <span class='ocrx_word' id='word_1_199' title='bbox 431 2941 519 3009; x_wconf 79' lang='lat' dir='ltr'><strong>turba]</strong></span> <span class='ocrx_word' id='word_1_200' title='bbox 571 2939 656 2995; x_wconf 81' lang='lat' dir='ltr'><strong>coda</strong></span> <span class='ocrx_word' id='word_1_201' title='bbox 687 2954 777 2994; x_wconf 83' lang='lat' dir='ltr'><strong>omues</strong></span> <span class='ocrx_word' id='word_1_202' title='bbox 803 2946 841 3008; x_wconf 45' lang='lat' dir='ltr'><strong>et,</strong></span> <span class='ocrx_word' id='word_1_203' title='bbox 866 2937 967 3011; x_wconf 86' lang='lat' dir='ltr'><strong>pariter</strong></span> <span class='ocrx_word' id='word_1_204' title='bbox 989 2955 1006 2991; x_wconf 90' lang='lat' dir='ltr'><strong>a</strong></span> <span class='ocrx_word' id='word_1_205' title='bbox 1027 2939 1138 2993; x_wconf 85' lang='lat' dir='ltr'><strong>conviva</strong></span> <span class='ocrx_word' id='word_1_206' title='bbox 1161 2940 1301 2992; x_wconf 77' lang='lat' dir='ltr'><strong>cmoivclrs</strong></span> <span class='ocrx_word' id='word_1_207' title='bbox 1322 2947 1350 2994; x_wconf 85' lang='lat' dir='ltr'><strong>et</strong></span> <span class='ocrx_word' id='word_1_208' title='bbox 1371 2956 1467 2994; x_wconf 90' lang='lat' dir='ltr'><strong>aeon-</strong></span> 
     </span>
    </p>

    <p class='ocr_par' dir='ltr' id='par_1_9' title="bbox 120 3005 1469 3764">
     <span class='ocr_line' id='line_1_25' title="bbox 120 3005 1468 3080; baseline 0 -18"><span class='ocrx_word' id='word_1_209' title='bbox 120 3071 127 3076; x_wconf 48' lang='grc'>,</span> <span class='ocrx_word' id='word_1_210' title='bbox 227 3008 355 3064; x_wconf 61' lang='lat' dir='ltr'><strong>ditiones</strong></span> <span class='ocrx_word' id='word_1_211' title='bbox 382 3008 645 3080; x_wconf 64' lang='lat' dir='ltr'><strong>antiquaetmbae,</strong></span> <span class='ocrx_word' id='word_1_212' title='bbox 670 3015 833 3079; x_wconf 77' lang='lat' dir='ltr'><strong>quapropter</strong></span> <span class='ocrx_word' id='word_1_213' title='bbox 866 3005 937 3061; x_wconf 81' lang='lat' dir='ltr'><strong>rivio</strong></span> <span class='ocrx_word' id='word_1_214' title='bbox 954 3008 1106 3062; x_wconf 60' lang='lat' dir='ltr'><strong>condoletis</strong></span> <span class='ocrx_word' id='word_1_215' title='bbox 1124 3007 1279 3074; x_wconf 81' lang='lat' dir='ltr'><strong>deducitur,</strong></span> <span class='ocrx_word' id='word_1_216' title='bbox 1297 3023 1347 3061; x_wconf 87' lang='lat' dir='ltr'><strong>nec</strong></span> <span class='ocrx_word' id='word_1_217' title='bbox 1361 3007 1468 3062; x_wconf 82' lang='lat' dir='ltr'><strong>videtur</strong></span> 
     </span>
     <span class='ocr_line' id='line_1_26' title="bbox 229 3074 1469 3150; baseline -0.001 -19"><span class='ocrx_word' id='word_1_218' title='bbox 229 3087 308 3132; x_wconf 85' lang='lat' dir='ltr'><strong>erunt</strong></span> <span class='ocrx_word' id='word_1_219' title='bbox 335 3077 382 3150; x_wconf 89' lang='lat' dir='ltr'><strong>qui</strong></span> <span class='ocrx_word' id='word_1_220' title='bbox 409 3077 445 3130; x_wconf 89' lang='lat' dir='ltr'><strong>de</strong></span> <span class='ocrx_word' id='word_1_221' title='bbox 474 3077 672 3132; x_wconf 59' lang='lat' dir='ltr'><strong>contractione</strong></span> <span class='ocrx_word' id='word_1_222' title='bbox 708 3074 832 3129; x_wconf 83' lang='lat' dir='ltr'><strong>adiectivi</strong></span> <span class='ocrx_word' id='word_1_223' title='bbox 866 3075 924 3129; x_wconf 86' lang='lat' dir='ltr'><strong>iure</strong></span> <span class='ocrx_word' id='word_1_224' title='bbox 942 3075 976 3128; x_wconf 90' lang='lat' dir='ltr'><strong>de</strong></span> <span class='ocrx_word' id='word_1_225' title='bbox 993 3075 1042 3130; x_wconf 83' lang='lat' dir='ltr'><strong>bac</strong></span> <span class='ocrx_word' id='word_1_226' title='bbox 1057 3091 1123 3130; x_wconf 80' lang='lat' dir='ltr'><strong>voca</strong></span> <span class='ocrx_word' id='word_1_227' title='bbox 1144 3075 1277 3130; x_wconf 84' lang='lat' dir='ltr'><strong>dubitasse</strong></span> <span class='ocrx_word' id='word_1_228' title='bbox 1294 3075 1469 3130; x_wconf 83' lang='lat' dir='ltr'><strong>Drakenbor-</strong></span> 
     </span>
     <span class='ocr_line' id='line_1_27' title="bbox 229 3143 1468 3216; baseline -0.002 -16"><span class='ocrx_word' id='word_1_229' title='bbox 229 3156 361 3201; x_wconf 79' lang='lat' dir='ltr'><strong>conteatus</strong></span> <span class='ocrx_word' id='word_1_230' title='bbox 382 3163 443 3201; x_wconf 90' lang='lat' dir='ltr'><strong>cmu</strong></span> <span class='ocrx_word' id='word_1_231' title='bbox 465 3144 594 3200; x_wconf 82' lang='lat' dir='ltr'><strong>Geuitivo</strong></span> <span class='ocrx_word' id='word_1_232' title='bbox 615 3145 741 3216; x_wconf 75' lang='lat' dir='ltr'><strong>cogitent</strong></span> <span class='ocrx_word' id='word_1_233' title='bbox 777 3143 832 3197; x_wconf 85' lang='lat' dir='ltr'><strong>Sed</strong></span> <span class='ocrx_word' id='word_1_234' title='bbox 866 3143 940 3198; x_wconf 85' lang='lat' dir='ltr'><strong>chius</strong></span> <span class='ocrx_word' id='word_1_235' title='bbox 957 3143 992 3196; x_wconf 81' lang='lat' dir='ltr'><strong>ad</strong></span> <span class='ocrx_word' id='word_1_236' title='bbox 1008 3143 1112 3198; x_wconf 89' lang='lat' dir='ltr'><strong>Livium</strong></span> <span class='ocrx_word' id='word_1_237' title='bbox 1122 3157 1232 3211; x_wconf 74' lang='lat' dir='ltr'><strong>xxer,</strong></span> <span class='ocrx_word' id='word_1_238' title='bbox 1251 3152 1265 3198; x_wconf 81' lang='lat' dir='ltr'><strong>t</strong></span> <span class='ocrx_word' id='word_1_239' title='bbox 1283 3153 1351 3198; x_wconf 82' lang='lat' dir='ltr'><strong>extr.</strong></span> <span class='ocrx_word' id='word_1_240' title='bbox 1370 3143 1468 3199; x_wconf 87' lang='lat' dir='ltr'><strong>Similis</strong></span> 
     </span>
     <span class='ocr_line' id='line_1_28' title="bbox 230 3211 1468 3285; baseline -0.002 -15"><span class='ocrx_word' id='word_1_241' title='bbox 230 3215 337 3270; x_wconf 86' lang='lat' dir='ltr'><strong>Curtius</strong></span> <span class='ocrx_word' id='word_1_242' title='bbox 353 3213 391 3269; x_wconf 88' lang='lat' dir='ltr'><strong>sic</strong></span> <span class='ocrx_word' id='word_1_243' title='bbox 408 3231 463 3270; x_wconf 87' lang='lat' dir='ltr'><strong>non</strong></span> <span class='ocrx_word' id='word_1_244' title='bbox 475 3214 600 3285; x_wconf 86' lang='lat' dir='ltr'><strong>loquitur</strong></span> <span class='ocrx_word' id='word_1_245' title='bbox 616 3221 645 3267; x_wconf 89' lang='lat' dir='ltr'><strong>ct</strong></span> <span class='ocrx_word' id='word_1_246' title='bbox 660 3221 751 3268; x_wconf 86' lang='lat' dir='ltr'><strong>cetera</strong></span> <span class='ocrx_word' id='word_1_247' title='bbox 764 3229 832 3282; x_wconf 86' lang='lat' dir='ltr'><strong>quse</strong></span> <span class='ocrx_word' id='word_1_248' title='bbox 867 3211 928 3268; x_wconf 89' lang='lat' dir='ltr'><strong>olim</strong></span> <span class='ocrx_word' id='word_1_249' title='bbox 946 3211 1076 3267; x_wconf 83' lang='lat' dir='ltr'><strong>dissensus</strong></span> <span class='ocrx_word' id='word_1_250' title='bbox 1098 3213 1234 3267; x_wconf 85' lang='lat' dir='ltr'><strong>editorum</strong></span> <span class='ocrx_word' id='word_1_251' title='bbox 1247 3213 1297 3266; x_wconf 80' lang='lat' dir='ltr'><strong>suit</strong></span> <span class='ocrx_word' id='word_1_252' title='bbox 1313 3213 1385 3284; x_wconf 82' lang='lat' dir='ltr'><strong>apud</strong></span> <span class='ocrx_word' id='word_1_253' title='bbox 1402 3213 1468 3268; x_wconf 90' lang='lat' dir='ltr'><strong>Ovi-</strong></span> 
     </span>
     <span class='ocr_line' id='line_1_29' title="bbox 228 3279 1467 3352; baseline 0 -16"><span class='ocrx_word' id='word_1_254' title='bbox 228 3281 316 3337; x_wconf 82' lang='lat' dir='ltr'><strong>sfferri</strong></span> <span class='ocrx_word' id='word_1_255' title='bbox 339 3283 427 3338; x_wconf 87' lang='lat' dir='ltr'><strong>solent</strong></span> <span class='ocrx_word' id='word_1_256' title='bbox 452 3282 510 3336; x_wconf 87' lang='lat' dir='ltr'><strong>eius</strong></span> <span class='ocrx_word' id='word_1_257' title='bbox 535 3281 676 3336; x_wconf 88' lang='lat' dir='ltr'><strong>locutionis</strong></span> <span class='ocrx_word' id='word_1_258' title='bbox 702 3279 831 3352; x_wconf 82' lang='lat' dir='ltr'><strong>exempla,</strong></span> <span class='ocrx_word' id='word_1_259' title='bbox 866 3281 948 3346; x_wconf 89' lang='lat' dir='ltr'><strong>dium,</strong></span> <span class='ocrx_word' id='word_1_260' title='bbox 966 3289 1054 3335; x_wconf 89' lang='lat' dir='ltr'><strong>utrum</strong></span> <span class='ocrx_word' id='word_1_261' title='bbox 1071 3283 1217 3351; x_wconf 67' lang='lat' dir='ltr'><strong>coniugalis</strong></span> <span class='ocrx_word' id='word_1_262' title='bbox 1235 3281 1366 3352; x_wconf 86' lang='lat' dir='ltr'><strong>producta</strong></span> <span class='ocrx_word' id='word_1_263' title='bbox 1382 3282 1467 3336; x_wconf 86' lang='lat' dir='ltr'><strong>vocali</strong></span> 
     </span>
     <span class='ocr_line' id='line_1_30' title="bbox 227 3349 1468 3423; baseline -0.001 -18"><span class='ocrx_word' id='word_1_264' title='bbox 227 3352 249 3405; x_wconf 85' lang='lat' dir='ltr'><strong>si</strong></span> <span class='ocrx_word' id='word_1_265' title='bbox 276 3351 429 3423; x_wconf 82' lang='lat' dir='ltr'><strong>diligentius</strong></span> <span class='ocrx_word' id='word_1_266' title='bbox 451 3351 639 3416; x_wconf 80' lang='lat' dir='ltr'><strong>exartianmr,</strong></span> <span class='ocrx_word' id='word_1_267' title='bbox 663 3349 744 3403; x_wconf 86' lang='lat' dir='ltr'><strong>dubia</strong></span> <span class='ocrx_word' id='word_1_268' title='bbox 769 3357 833 3402; x_wconf 89' lang='lat' dir='ltr'><strong>sunt</strong></span> <span class='ocrx_word' id='word_1_269' title='bbox 866 3349 1000 3404; x_wconf 85' lang='lat' dir='ltr'><strong>diceretur</strong></span> <span class='ocrx_word' id='word_1_270' title='bbox 1016 3367 1051 3403; x_wconf 81' lang='lat' dir='ltr'><strong>an</strong></span> <span class='ocrx_word' id='word_1_271' title='bbox 1064 3351 1219 3420; x_wconf 80' lang='lat' dir='ltr'><strong>coniuqr&#39;atls</strong></span> <span class='ocrx_word' id='word_1_272' title='bbox 1234 3349 1373 3421; x_wconf 85' lang='lat' dir='ltr'><strong>quinques</strong></span> <span class='ocrx_word' id='word_1_273' title='bbox 1391 3349 1468 3404; x_wconf 88' lang='lat' dir='ltr'><strong>llabis</strong></span> 
     </span>
     <span class='ocr_line' id='line_1_31' title="bbox 228 3417 1467 3486; baseline -0.002 -12"><span class='ocrx_word' id='word_1_274' title='bbox 228 3419 323 3474; x_wconf 82' lang='lat' dir='ltr'><strong>omnia</strong></span> <span class='ocrx_word' id='word_1_275' title='bbox 358 3420 430 3474; x_wconf 83' lang='lat' dir='ltr'><strong>Vide</strong></span> <span class='ocrx_word' id='word_1_276' title='bbox 445 3418 554 3472; x_wconf 82' lang='lat' dir='ltr'><strong>Ruhnk.</strong></span> <span class='ocrx_word' id='word_1_277' title='bbox 572 3419 607 3472; x_wconf 82' lang='lat' dir='ltr'><strong>cd</strong></span> <span class='ocrx_word' id='word_1_278' title='bbox 624 3417 719 3473; x_wconf 81' lang='lat' dir='ltr'><strong>Vellei</strong></span> <span class='ocrx_word' id='word_1_279' title='bbox 738 3433 770 3486; x_wconf 87' lang='lat' dir='ltr'><strong>u,</strong></span> <span class='ocrx_word' id='word_1_280' title='bbox 790 3423 831 3472; x_wconf 84' lang='lat'><strong>88.</strong></span> <span class='ocrx_word' id='word_1_281' title='bbox 865 3428 894 3473; x_wconf 89' lang='lat' dir='ltr'><strong>ct</strong></span> <span class='ocrx_word' id='word_1_282' title='bbox 906 3426 1011 3472; x_wconf 86' lang='lat' dir='ltr'><strong>servata</strong></span> <span class='ocrx_word' id='word_1_283' title='bbox 1026 3419 1156 3472; x_wconf 87' lang='lat' dir='ltr'><strong>secandae</strong></span> <span class='ocrx_word' id='word_1_284' title='bbox 1170 3434 1297 3472; x_wconf 77' lang='lat' dir='ltr'><strong>mensura</strong></span> <span class='ocrx_word' id='word_1_285' title='bbox 1326 3418 1360 3472; x_wconf 90' lang='lat' dir='ltr'><strong>Vi</strong></span> <span class='ocrx_word' id='word_1_286' title='bbox 1380 3435 1396 3471; x_wconf 91' lang='lat' dir='ltr'><strong>e</strong></span> <span class='ocrx_word' id='word_1_287' title='bbox 1417 3419 1467 3472; x_wconf 85' lang='lat' dir='ltr'><strong>cri-</strong></span> 
     </span>
     <span class='ocr_line' id='line_1_32' title="bbox 218 3485 1467 3558; baseline -0.003 -14"><span class='ocrx_word' id='word_1_288' title='bbox 218 3489 282 3544; x_wconf 82' lang='lat' dir='ltr'><strong>-Sed</strong></span> <span class='ocrx_word' id='word_1_289' title='bbox 298 3491 429 3543; x_wconf 61' lang='lat' dir='ltr'><strong>adamat</strong></span> <span class='ocrx_word' id='word_1_290' title='bbox 464 3505 495 3542; x_wconf 87' lang='lat' dir='ltr'><strong>ro</strong></span> <span class='ocrx_word' id='word_1_291' title='bbox 511 3487 583 3558; x_wconf 84' lang='lat' dir='ltr'><strong>vulg.</strong></span> <span class='ocrx_word' id='word_1_292' title='bbox 592 3489 750 3542; x_wconf 66' lang='lat' dir='ltr'><strong>nataverat</strong></span> <span class='ocrx_word' id='word_1_293' title='bbox 758 3495 833 3540; x_wconf 82' lang='lat' dir='ltr'><strong>recta</strong></span> <span class='ocrx_word' id='word_1_294' title='bbox 867 3486 935 3542; x_wconf 89' lang='lat' dir='ltr'><strong>ticos</strong></span> <span class='ocrx_word' id='word_1_295' title='bbox 955 3487 1070 3542; x_wconf 87' lang='lat' dir='ltr'><strong>editores</strong></span> <span class='ocrx_word' id='word_1_296' title='bbox 1087 3487 1122 3540; x_wconf 86' lang='lat' dir='ltr'><strong>ad</strong></span> <span class='ocrx_word' id='word_1_297' title='bbox 1134 3485 1310 3558; x_wconf 84' lang='lat' dir='ltr'><strong>Metamorpb.</strong></span> <span class='ocrx_word' id='word_1_298' title='bbox 1321 3487 1366 3541; x_wconf 82' lang='lat' dir='ltr'><strong>bh.</strong></span> <span class='ocrx_word' id='word_1_299' title='bbox 1380 3502 1399 3540; x_wconf 95' lang='lat' dir='ltr'><strong>v</strong></span> <span class='ocrx_word' id='word_1_300' title='bbox 1410 3486 1467 3540; x_wconf 89' lang='lat' dir='ltr'><strong>init.</strong></span> 
     </span>
     <span class='ocr_line' id='line_1_33' title="bbox 228 3555 1468 3626; baseline -0.002 -14"><span class='ocrx_word' id='word_1_301' title='bbox 228 3565 405 3612; x_wconf 84' lang='lat' dir='ltr'><strong>correxerunt</strong></span> <span class='ocrx_word' id='word_1_302' title='bbox 453 3557 530 3610; x_wconf 91' lang='lat' dir='ltr'><strong>odius</strong></span> <span class='ocrx_word' id='word_1_303' title='bbox 552 3564 581 3611; x_wconf 84' lang='lat' dir='ltr'><strong>ct</strong></span> <span class='ocrx_word' id='word_1_304' title='bbox 604 3556 761 3611; x_wconf 82' lang='lat' dir='ltr'><strong>Schefferrrs.</strong></span> <span class='ocrx_word' id='word_1_305' title='bbox 787 3555 832 3610; x_wconf 89' lang='lat' dir='ltr'><strong>Irr-</strong></span> <span class='ocrx_word' id='word_1_306' title='bbox 901 3559 924 3625; x_wconf 83' lang='lat'><strong>§.</strong></span> <span class='ocrx_word' id='word_1_307' title='bbox 944 3565 968 3610; x_wconf 87' lang='lat' dir='ltr'><strong>t.</strong></span> <span class='ocrx_word' id='word_1_308' title='bbox 1003 3558 1100 3626; x_wconf 81' lang='lat' dir='ltr'><strong>neptim</strong></span> <span class='ocrx_word' id='word_1_309' title='bbox 1116 3573 1145 3612; x_wconf 82' lang='lat' dir='ltr'><strong>se</strong></span> <span class='ocrx_word' id='word_1_310' title='bbox 1174 3555 1247 3623; x_wconf 77' lang='lat' dir='ltr'><strong>ocu]</strong></span> <span class='ocrx_word' id='word_1_311' title='bbox 1278 3555 1468 3610; x_wconf 67' lang='lat' dir='ltr'><strong>accusativum</strong></span> 
     </span>
     <span class='ocr_line' id='line_1_34' title="bbox 228 3623 1468 3697; baseline -0.002 -16"><span class='ocrx_word' id='word_1_312' title='bbox 228 3635 311 3681; x_wconf 86' lang='lat' dir='ltr'><strong>tarest</strong></span> <span class='ocrx_word' id='word_1_313' title='bbox 326 3625 397 3680; x_wconf 88' lang='lat' dir='ltr'><strong>enirn</strong></span> <span class='ocrx_word' id='word_1_314' title='bbox 419 3625 523 3697; x_wconf 87' lang='lat' dir='ltr'><strong>aliquid</strong></span> <span class='ocrx_word' id='word_1_315' title='bbox 544 3624 613 3680; x_wconf 86' lang='lat' dir='ltr'><strong>inter</strong></span> <span class='ocrx_word' id='word_1_316' title='bbox 634 3641 665 3678; x_wconf 85' lang='lat' dir='ltr'><strong>aa</strong></span> <span class='ocrx_word' id='word_1_317' title='bbox 687 3626 780 3692; x_wconf 84' lang='lat' dir='ltr'><strong>verbs,</strong></span> <span class='ocrx_word' id='word_1_318' title='bbox 803 3632 833 3677; x_wconf 85' lang='lat' dir='ltr'><strong>et</strong></span> <span class='ocrx_word' id='word_1_319' title='bbox 866 3643 885 3679; x_wconf 84' lang='lat' dir='ltr'><strong>a·</strong></span> <span class='ocrx_word' id='word_1_320' title='bbox 900 3625 1002 3696; x_wconf 82' lang='lat' dir='ltr'><strong>vulgari</strong></span> <span class='ocrx_word' id='word_1_321' title='bbox 1020 3623 1122 3678; x_wconf 83' lang='lat' dir='ltr'><strong>ratione</strong></span> <span class='ocrx_word' id='word_1_322' title='bbox 1138 3623 1327 3690; x_wconf 83' lang='lat' dir='ltr'><strong>discedentem,</strong></span> <span class='ocrx_word' id='word_1_323' title='bbox 1345 3641 1405 3678; x_wconf 91' lang='lat' dir='ltr'><strong>nam</strong></span> <span class='ocrx_word' id='word_1_324' title='bbox 1422 3643 1468 3678; x_wconf 85' lang='lat' dir='ltr'><strong>ac-</strong></span> 
     </span>
     <span class='ocr_line' id='line_1_35' title="bbox 229 3691 1468 3764; baseline -0.001 -14"><span class='ocrx_word' id='word_1_325' title='bbox 229 3697 350 3751; x_wconf 83' lang='lat' dir='ltr'><strong>adhunc</strong></span> <span class='ocrx_word' id='word_1_326' title='bbox 375 3695 462 3750; x_wconf 82' lang='lat' dir='ltr'><strong>locum</strong></span> <span class='ocrx_word' id='word_1_327' title='bbox 488 3693 565 3750; x_wconf 88' lang='lat' dir='ltr'><strong>unice</strong></span> <span class='ocrx_word' id='word_1_328' title='bbox 585 3693 710 3748; x_wconf 89' lang='lat' dir='ltr'><strong>convenit</strong></span> <span class='ocrx_word' id='word_1_329' title='bbox 736 3695 831 3760; x_wconf 72' lang='lat' dir='ltr'><strong>accire,</strong></span> <span class='ocrx_word' id='word_1_330' title='bbox 885 3704 933 3748; x_wconf 81' lang='lat' dir='ltr'><strong>tem</strong></span> <span class='ocrx_word' id='word_1_331' title='bbox 950 3693 1117 3748; x_wconf 84' lang='lat' dir='ltr'><strong>commendat</strong></span> <span class='ocrx_word' id='word_1_332' title='bbox 1139 3693 1218 3748; x_wconf 87' lang='lat' dir='ltr'><strong>etiam</strong></span> <span class='ocrx_word' id='word_1_333' title='bbox 1235 3691 1367 3748; x_wconf 84' lang='lat' dir='ltr'><strong>Charisius</strong></span> <span class='ocrx_word' id='word_1_334' title='bbox 1387 3711 1415 3764; x_wconf 91' lang='lat' dir='ltr'><strong>p.</strong></span> <span class='ocrx_word' id='word_1_335' title='bbox 1435 3701 1468 3749; x_wconf 82' lang='lat' dir='ltr'><strong>to</strong></span> 
     </span>
    </p>
   </div>
   <div class='ocr_carea' id='block_1_4' title="bbox 228 3760 1468 3884">
    <p class='ocr_par' dir='ltr' id='par_1_10' title="bbox 228 3760 1468 3884">
     <span class='ocr_line' id='line_1_36' title="bbox 228 3760 1468 3884; baseline -0.002 -65"><span class='ocrx_word' id='word_1_336' title='bbox 228 3765 416 3819; x_wconf 83' lang='lat' dir='ltr'><strong>iacvocsre</strong></span> <span class='ocrx_word' id='word_1_337' title='bbox 438 3763 531 3817; x_wconf 82' lang='lat' dir='ltr'><strong>adse.</strong></span> <span class='ocrx_word' id='word_1_338' title='bbox 566 3762 678 3817; x_wconf 81' lang='lat' dir='ltr'><strong>Accedit</strong></span> <span class='ocrx_word' id='word_1_339' title='bbox 699 3780 769 3816; x_wconf 90' lang='lat' dir='ltr'><strong>nunc</strong></span> <span class='ocrx_word' id='word_1_340' title='bbox 785 3779 831 3815; x_wconf 89' lang='lat' dir='ltr'><strong>au·</strong></span> <span class='ocrx_word' id='word_1_341' title='bbox 891 3763 984 3830; x_wconf 86' lang='lat' dir='ltr'><strong>atech,</strong></span> <span class='ocrx_word' id='word_1_342' title='bbox 1001 3761 1074 3816; x_wconf 83' lang='lat' dir='ltr'><strong>errius</strong></span> <span class='ocrx_word' id='word_1_343' title='bbox 1100 3760 1162 3815; x_wconf 88' lang='lat' dir='ltr'><strong>alibi</strong></span> <span class='ocrx_word' id='word_1_344' title='bbox 1192 3761 1291 3817; x_wconf 88' lang='lat' dir='ltr'><strong>nullum</strong></span> <span class='ocrx_word' id='word_1_345' title='bbox 1318 3761 1468 3884; x_wconf 72' lang='lat' dir='ltr'><strong>exemplum</strong></span> 
     </span>
    </p>
   </div>
   <div class='ocr_carea' id='block_1_5' title="bbox 228 3830 1467 4524">
    <p class='ocr_par' dir='ltr' id='par_1_11' title="bbox 228 3830 1467 4319">
     <span class='ocr_line' id='line_1_37' title="bbox 228 3830 1467 3902; baseline -0.005 -13"><span class='ocrx_word' id='word_1_346' title='bbox 228 3833 337 3890; x_wconf 82' lang='lat' dir='ltr'><strong>claritas</strong></span> <span class='ocrx_word' id='word_1_347' title='bbox 345 3849 465 3886; x_wconf 88' lang='lat' dir='ltr'><strong>meorum</strong></span> <span class='ocrx_word' id='word_1_348' title='bbox 473 3830 831 3900; x_wconf 83' lang='lat' dir='ltr'><strong>codicumomnium.(Snrrk.</strong></span> <span class='ocrx_word' id='word_1_349' title='bbox 867 3831 1025 3898; x_wconf 82' lang='lat' dir='ltr'><strong>invenerim,</strong></span> <span class='ocrx_word' id='word_1_350' title='bbox 1047 3831 1125 3885; x_wconf 89' lang='lat' dir='ltr'><strong>codd</strong></span> <span class='ocrx_word' id='word_1_351' title='bbox 1144 3831 1236 3902; x_wconf 91' lang='lat' dir='ltr'><strong>optimi</strong></span> <span class='ocrx_word' id='word_1_352' title='bbox 1254 3831 1376 3884; x_wconf 76' lang='lat' dir='ltr'><strong>Bernrl</strong></span> <span class='ocrx_word' id='word_1_353' title='bbox 1415 3831 1467 3889; x_wconf 87' lang='lat' dir='ltr'><strong>lor.</strong></span> 
     </span>
     <span class='ocr_line' id='line_1_38' title="bbox 228 3899 1466 3984; baseline -0.003 -28"><span class='ocrx_word' id='word_1_354' title='bbox 228 3902 332 3957; x_wconf 88' lang='lat' dir='ltr'><strong>omittit</strong></span> <span class='ocrx_word' id='word_1_355' title='bbox 357 3903 476 3984; x_wconf 77' lang='lat' dir='ltr'><strong>captivae</strong></span> <span class='ocrx_word' id='word_1_356' title='bbox 508 3903 670 3955; x_wconf 74' lang='lat' dir='ltr'><strong>labebantur.</strong></span> <span class='ocrx_word' id='word_1_357' title='bbox 716 3899 834 3954; x_wconf 86' lang='lat' dir='ltr'><strong>Additur</strong></span> <span class='ocrx_word' id='word_1_358' title='bbox 868 3901 917 3954; x_wconf 83' lang='lat' dir='ltr'><strong>AB</strong></span> <span class='ocrx_word' id='word_1_359' title='bbox 940 3900 1017 3953; x_wconf 81' lang='lat' dir='ltr'><strong>Leid</strong></span> <span class='ocrx_word' id='word_1_360' title='bbox 1039 3900 1119 3953; x_wconf 92' lang='lat' dir='ltr'><strong>Voss.</strong></span> <span class='ocrx_word' id='word_1_361' title='bbox 1147 3906 1159 3951; x_wconf 93' lang='lat'>1</span> <span class='ocrx_word' id='word_1_362' title='bbox 1194 3916 1321 3955; x_wconf 85' lang='lat' dir='ltr'><strong>consensu</strong></span> <span class='ocrx_word' id='word_1_363' title='bbox 1352 3907 1466 3953; x_wconf 86' lang='lat' dir='ltr'><strong>tuentur.</strong></span> 
     </span>
     <span class='ocr_line' id='line_1_39' title="bbox 230 3967 1466 4040; baseline -0.003 -16"><span class='ocrx_word' id='word_1_364' title='bbox 230 3971 308 4039; x_wconf 78' lang='lat' dir='ltr'><strong>vulgo</strong></span> <span class='ocrx_word' id='word_1_365' title='bbox 323 3971 500 4040; x_wconf 72' lang='lat' dir='ltr'><strong>semmam,</strong></span> <span class='ocrx_word' id='word_1_366' title='bbox 523 3971 570 4023; x_wconf 83' lang='lat' dir='ltr'><strong>scd</strong></span> <span class='ocrx_word' id='word_1_367' title='bbox 587 3971 662 4024; x_wconf 87' lang='lat' dir='ltr'><strong>abest</strong></span> <span class='ocrx_word' id='word_1_368' title='bbox 682 3969 727 4022; x_wconf 83' lang='lat' dir='ltr'><strong>illa</strong></span> <span class='ocrx_word' id='word_1_369' title='bbox 747 3987 801 4022; x_wconf 88' lang='lat' dir='ltr'><strong>vox</strong></span> <span class='ocrx_word' id='word_1_370' title='bbox 818 3985 835 4020; x_wconf 89' lang='lat' dir='ltr'><strong>a</strong></span> <span class='ocrx_word' id='word_1_371' title='bbox 868 3970 992 4024; x_wconf 83' lang='lat' dir='ltr'><strong>Addatur</strong></span> <span class='ocrx_word' id='word_1_372' title='bbox 1010 3968 1017 4022; x_wconf 92' lang='lat' dir='ltr'><strong>i</strong></span> <span class='ocrx_word' id='word_1_373' title='bbox 1038 3969 1092 4022; x_wconf 89' lang='lat' dir='ltr'><strong>&#39;tur</strong></span> <span class='ocrx_word' id='word_1_374' title='bbox 1109 3967 1343 4022; x_wconf 85' lang='lat' dir='ltr'><strong>Granrmaticorum</strong></span> <span class='ocrx_word' id='word_1_375' title='bbox 1360 3967 1466 4021; x_wconf 86' lang='lat' dir='ltr'><strong>institu-</strong></span> 
     </span>
     <span class='ocr_line' id='line_1_40' title="bbox 230 4037 1450 4116; baseline -0.003 -22"><span class='ocrx_word' id='word_1_376' title='bbox 230 4039 361 4095; x_wconf 84' lang='lat' dir='ltr'><strong>eodicibus</strong></span> <span class='ocrx_word' id='word_1_377' title='bbox 383 4038 517 4110; x_wconf 84' lang='lat' dir='ltr'><strong>plerisque</strong></span> <span class='ocrx_word' id='word_1_378' title='bbox 538 4038 666 4094; x_wconf 80' lang='lat' dir='ltr'><strong>omnibus</strong></span> <span class='ocrx_word' id='word_1_379' title='bbox 710 4037 831 4091; x_wconf 83' lang='lat' dir='ltr'><strong>Meonrm</strong></span> <span class='ocrx_word' id='word_1_380' title='bbox 869 4038 999 4104; x_wconf 87' lang='lat' dir='ltr'><strong>tionibus,</strong></span> <span class='ocrx_word' id='word_1_381' title='bbox 1039 4037 1171 4092; x_wconf 87' lang='lat' dir='ltr'><strong>chacidcri</strong></span> <span class='ocrx_word' id='word_1_382' title='bbox 1188 4038 1293 4110; x_wconf 87' lang='lat' dir='ltr'><strong>quidem</strong></span> <span class='ocrx_word' id='word_1_383' title='bbox 1307 4054 1371 4116; x_wconf 86' lang='lat' dir='ltr'><strong>pag.</strong></span> <span class='ocrx_word' id='word_1_384' title='bbox 1389 4043 1450 4090; x_wconf 80' lang='lat'><strong>210.</strong></span> 
     </span>
     <span class='ocr_line' id='line_1_41' title="bbox 231 4104 1466 4178; baseline -0.004 -16"><span class='ocrx_word' id='word_1_385' title='bbox 231 4110 311 4164; x_wconf 85' lang='lat' dir='ltr'><strong>habet</strong></span> <span class='ocrx_word' id='word_1_386' title='bbox 328 4127 396 4162; x_wconf 89' lang='lat' dir='ltr'><strong>unus</strong></span> <span class='ocrx_word' id='word_1_387' title='bbox 412 4107 485 4162; x_wconf 81' lang='lat' dir='ltr'><strong>Flor.</strong></span> <span class='ocrx_word' id='word_1_388' title='bbox 504 4105 531 4161; x_wconf 86' lang='lat' dir='ltr'><strong>G</strong></span> <span class='ocrx_word' id='word_1_389' title='bbox 545 4109 710 4178; x_wconf 64' lang='lat' dir='ltr'><strong>seminarum</strong></span> <span class='ocrx_word' id='word_1_390' title='bbox 728 4108 831 4175; x_wconf 82' lang='lat' dir='ltr'><strong>captiva</strong></span> <span class='ocrx_word' id='word_1_391' title='bbox 901 4125 1007 4160; x_wconf 77' lang='lat' dir='ltr'><strong>acorem</strong></span> <span class='ocrx_word' id='word_1_392' title='bbox 1036 4107 1186 4176; x_wconf 78' lang='lat' dir='ltr'><strong>Hystaspis]</strong></span> <span class='ocrx_word' id='word_1_393' title='bbox 1230 4104 1360 4160; x_wconf 87' lang='lat' dir='ltr'><strong>Scribrtur</strong></span> <span class='ocrx_word' id='word_1_394' title='bbox 1384 4105 1466 4175; x_wconf 86' lang='lat' dir='ltr'><strong>vulgo</strong></span> 
     </span>
     <span class='ocr_line' id='line_1_42' title="bbox 230 4173 1466 4248; baseline -0.004 -17"><span class='ocrx_word' id='word_1_395' title='bbox 230 4179 307 4232; x_wconf 71' lang='lat' dir='ltr'><strong>voa.</strong></span> <span class='ocrx_word' id='word_1_396' title='bbox 324 4184 339 4232; x_wconf 80' lang='lat'><strong>2</strong></span> <span class='ocrx_word' id='word_1_397' title='bbox 358 4193 438 4248; x_wconf 86' lang='lat' dir='ltr'><strong>quern</strong></span> <span class='ocrx_word' id='word_1_398' title='bbox 476 4184 598 4248; x_wconf 87' lang='lat' dir='ltr'><strong>ropterea</strong></span> <span class='ocrx_word' id='word_1_399' title='bbox 618 4185 757 4247; x_wconf 83' lang='lat' dir='ltr'><strong>patr-ouum</strong></span> <span class='ocrx_word' id='word_1_400' title='bbox 774 4174 832 4227; x_wconf 89' lang='lat' dir='ltr'><strong>vul-</strong></span> <span class='ocrx_word' id='word_1_401' title='bbox 867 4176 930 4229; x_wconf 82' lang='lat' dir='ltr'><strong>Hist</strong></span> <span class='ocrx_word' id='word_1_402' title='bbox 969 4179 1016 4238; x_wconf 80' lang='lat' dir='ltr'><strong>ris,</strong></span> <span class='ocrx_word' id='word_1_403' title='bbox 1038 4176 1086 4229; x_wconf 81' lang='lat' dir='ltr'><strong>aad</strong></span> <span class='ocrx_word' id='word_1_404' title='bbox 1141 4173 1170 4228; x_wconf 87' lang='lat' dir='ltr'><strong>in</strong></span> <span class='ocrx_word' id='word_1_405' title='bbox 1186 4175 1286 4248; x_wconf 87' lang='lat' dir='ltr'><strong>aliquot</strong></span> <span class='ocrx_word' id='word_1_406' title='bbox 1303 4173 1376 4228; x_wconf 90' lang='lat' dir='ltr'><strong>libris</strong></span> <span class='ocrx_word' id='word_1_407' title='bbox 1394 4173 1466 4227; x_wconf 76' lang='lat' dir='ltr'><strong>Flos.</strong></span> 
     </span>
     <span class='ocr_line' id='line_1_43' title="bbox 230 4195 1466 4319; baseline -0.005 -19"><span class='ocrx_word' id='word_1_408' title='bbox 230 4255 307 4318; x_wconf 85' lang='lat' dir='ltr'><strong>gatae</strong></span> <span class='ocrx_word' id='word_1_409' title='bbox 323 4245 406 4319; x_wconf 89' lang='lat' dir='ltr'><strong>possis</strong></span> <span class='ocrx_word' id='word_1_410' title='bbox 424 4195 545 4314; x_wconf 78' lang='lat' dir='ltr'><strong>habere.)</strong></span> <span class='ocrx_word' id='word_1_411' title='bbox 867 4243 941 4299; x_wconf 86' lang='lat' dir='ltr'><strong>BCD</strong></span> <span class='ocrx_word' id='word_1_412' title='bbox 968 4245 989 4298; x_wconf 83' lang='lat' dir='ltr'>F</span> <span class='ocrx_word' id='word_1_413' title='bbox 1006 4245 1086 4298; x_wconf 79' lang='lat' dir='ltr'><strong>Ber-n.</strong></span> <span class='ocrx_word' id='word_1_414' title='bbox 1106 4195 1128 4297; x_wconf 67' lang='lat' dir='ltr'><strong>h</strong></span> <span class='ocrx_word' id='word_1_415' title='bbox 1146 4251 1201 4308; x_wconf 85' lang='lat' dir='ltr'><strong>eet;</strong></span> <span class='ocrx_word' id='word_1_416' title='bbox 1223 4243 1305 4314; x_wconf 88' lang='lat' dir='ltr'><strong>magis</strong></span> <span class='ocrx_word' id='word_1_417' title='bbox 1323 4241 1466 4296; x_wconf 88' lang='lat' dir='ltr'><strong>notandum</strong></span> 
     </span>
    </p>

    <p class='ocr_par' dir='ltr' id='par_1_12' title="bbox 230 4311 1465 4524">
     <span class='ocr_line' id='line_1_44' title="bbox 265 4311 1465 4385; baseline -0.007 -14"><span class='ocrx_word' id='word_1_418' title='bbox 265 4319 288 4385; x_wconf 65' lang='grc' dir='ltr'><strong>ς’.</strong></span> <span class='ocrx_word' id='word_1_419' title='bbox 306 4323 331 4372; x_wconf 86' lang='lat' dir='ltr'><strong>t.</strong></span> <span class='ocrx_word' id='word_1_420' title='bbox 347 4317 434 4370; x_wconf 59' lang='lat' dir='ltr'><strong>water</strong></span> <span class='ocrx_word' id='word_1_421' title='bbox 452 4317 607 4370; x_wconf 76' lang='lat' dir='ltr'><strong>conviviales</strong></span> <span class='ocrx_word' id='word_1_422' title='bbox 625 4316 711 4382; x_wconf 76' lang='lat' dir='ltr'><strong>ludos}</strong></span> <span class='ocrx_word' id='word_1_423' title='bbox 742 4311 831 4382; x_wconf 85' lang='lat' dir='ltr'><strong>Vulgo</strong></span> <span class='ocrx_word' id='word_1_424' title='bbox 867 4331 957 4366; x_wconf 87' lang='lat' dir='ltr'><strong>omues</strong></span> <span class='ocrx_word' id='word_1_425' title='bbox 981 4323 1084 4368; x_wconf 86' lang='lat' dir='ltr'><strong>nostros</strong></span> <span class='ocrx_word' id='word_1_426' title='bbox 1102 4313 1310 4368; x_wconf 82' lang='lat' dir='ltr'><strong>teuninationcm</strong></span> <span class='ocrx_word' id='word_1_427' title='bbox 1328 4313 1401 4381; x_wconf 80' lang='lat' dir='ltr'><strong>apsis</strong></span> <span class='ocrx_word' id='word_1_428' title='bbox 1419 4311 1465 4364; x_wconf 85' lang='lat' dir='ltr'><strong>ha-</strong></span> 
     </span>
     <span class='ocr_line' id='line_1_45' title="bbox 230 4379 1465 4452; baseline -0.004 -13"><span class='ocrx_word' id='word_1_429' title='bbox 230 4386 385 4452; x_wconf 81' lang='lat' dir='ltr'><strong>conor&#39;vules,</strong></span> <span class='ocrx_word' id='word_1_430' title='bbox 403 4384 473 4439; x_wconf 91' lang='lat' dir='ltr'><strong>sicut</strong></span> <span class='ocrx_word' id='word_1_431' title='bbox 489 4385 558 4438; x_wconf 84' lang='lat' dir='ltr'><strong>infra</strong></span> <span class='ocrx_word' id='word_1_432' title='bbox 576 4399 640 4450; x_wconf 83' lang='lat' dir='ltr'><strong>vur,</strong></span> <span class='ocrx_word' id='word_1_433' title='bbox 659 4391 702 4450; x_wconf 81' lang='lat' dir='ltr'><strong>ts,</strong></span> <span class='ocrx_word' id='word_1_434' title='bbox 724 4389 753 4436; x_wconf 81' lang='lat' dir='ltr'><strong>lt</strong></span> <span class='ocrx_word' id='word_1_435' title='bbox 771 4400 832 4435; x_wconf 86' lang='lat' dir='ltr'><strong>coa·</strong></span> <span class='ocrx_word' id='word_1_436' title='bbox 867 4383 939 4450; x_wconf 86' lang='lat' dir='ltr'><strong>bere,</strong></span> <span class='ocrx_word' id='word_1_437' title='bbox 957 4384 1004 4435; x_wconf 90' lang='lat' dir='ltr'><strong>scd</strong></span> <span class='ocrx_word' id='word_1_438' title='bbox 1022 4382 1049 4436; x_wconf 89' lang='lat' dir='ltr'><strong>irr</strong></span> <span class='ocrx_word' id='word_1_439' title='bbox 1066 4383 1190 4437; x_wconf 89' lang='lat' dir='ltr'><strong>ciusruodi</strong></span> <span class='ocrx_word' id='word_1_440' title='bbox 1208 4383 1285 4436; x_wconf 90' lang='lat' dir='ltr'><strong>rebus</strong></span> <span class='ocrx_word' id='word_1_441' title='bbox 1303 4379 1397 4436; x_wconf 84' lang='lat' dir='ltr'><strong>Gracci</strong></span> <span class='ocrx_word' id='word_1_442' title='bbox 1415 4398 1465 4451; x_wconf 89' lang='lat' dir='ltr'><strong>po·</strong></span> 
     </span>
     <span class='ocr_line' id='line_1_46' title="bbox 231 4449 1145 4524; baseline -0.001 -17"><span class='ocrx_word' id='word_1_443' title='bbox 231 4455 327 4508; x_wconf 69' lang='lat' dir='ltr'><strong>alodia</strong></span> <span class='ocrx_word' id='word_1_444' title='bbox 357 4471 422 4508; x_wconf 81' lang='lat' dir='ltr'><strong>vasa</strong></span> <span class='ocrx_word' id='word_1_445' title='bbox 450 4452 508 4508; x_wconf 84' lang='lat' dir='ltr'><strong>sinc</strong></span> <span class='ocrx_word' id='word_1_446' title='bbox 540 4454 668 4508; x_wconf 85' lang='lat' dir='ltr'><strong>varietate</strong></span> <span class='ocrx_word' id='word_1_447' title='bbox 698 4453 829 4524; x_wconf 85' lang='lat' dir='ltr'><strong>leguntur.</strong></span> <span class='ocrx_word' id='word_1_448' title='bbox 865 4449 916 4506; x_wconf 92' lang='lat' dir='ltr'><strong>tius</strong></span> <span class='ocrx_word' id='word_1_449' title='bbox 934 4451 1058 4506; x_wconf 82' lang='lat' dir='ltr'><strong>audiemli</strong></span> <span class='ocrx_word' id='word_1_450' title='bbox 1075 4461 1145 4506; x_wconf 89' lang='lat' dir='ltr'><strong>sunt.</strong></span> 
     </span>
    </p>
   </div>
   <div class='ocr_carea' id='block_1_6' title="bbox 0 0 1677 5066">
    <p class='ocr_par' dir='ltr' id='par_1_13' title="bbox 0 0 1677 5066">
     <span class='ocr_line' id='line_1_47' title="bbox 0 0 1677 5066; baseline 0 0"><span class='ocrx_word' id='word_1_451' title='bbox 0 0 1677 5066; x_wconf 95' lang='lat' dir='ltr'><strong> </strong></span> 
     </span>
    </p>
   </div>
  </div>
 </body>
</html>
