3324 5054
198 319 221 388 7
225 319 248 387 4
658 330 697 394 Q.
725 327 848 381 curru
872 329 957 380 nori

196 512 412 602 manaverit,
446 513 543 604 urbi,
570 509 677 611 quam
702 513 868 588 obsidere
894 511 1151 600 destinassent,
1178 513 1328 586 exitium
1353 536 1434 611 pers

196 620 355 694 tendere.
406 623 616 700 Alexander
650 651 730 699 cum
764 637 802 700 et
840 625 990 698 classem
1028 622 1153 718 procul
1184 623 1357 715 haberet,
1396 636 1436 696 et
1455 631 1496 680 1⁵

197 730 342 830 longam
374 733 596 809 obsidionem
631 761 762 834 magno
789 735 856 807 sibi
883 733 930 807 ad
956 743 1076 807 cetera
1101 728 1356 828 impedimento
1383 733 1436 803 vi·

198 839 300 916 deret
333 846 426 938 fore,
461 845 731 933 caduceatores,
765 847 824 940 qui
857 844 904 918 ad
928 869 1054 943 paoem
1080 867 1143 916 eos
1170 840 1435 936 compellerent,

196 953 309 1027 misit:
346 981 436 1052 quos
463 955 562 1054 Tyrii
597 955 802 1025 contraius
829 955 990 1050 gentium
1016 955 1153 1026 occisos
1179 949 1436 1050 praecipitave-

196 1075 283 1137 runt
317 1067 353 1138 in
389 1067 511 1136 altum.
577 1063 699 1157 Atque
737 1061 796 1132 ille
830 1085 978 1132 suorum
1015 1073 1091 1134 tam
1132 1062 1280 1160 indigna
1317 1069 1437 1133 morte

197 1182 409 1262 commotus,
435 1172 565 1244 urbem
590 1171 756 1245 obsidere
781 1172 917 1274 statuit

148 1287 195 1356 10
300 1277 373 1354 Sed
399 1293 482 1354 ante
508 1283 671 1356 iacienda
695 1284 806 1356 moles
833 1292 926 1372 eret,
961 1306 1053 1379 quae
1083 1280 1280 1353 continenti
1307 1277 1437 1353 urbem
1457 1295 1498 1344 1⁶

196 1392 444 1466 committeret.
484 1391 615 1494 Ingens
641 1419 727 1493 ergo
753 1395 896 1467 animos-
915 1393 1069 1466 militum
1095 1390 1298 1489 desperatio
1323 1389 1436 1462 inces-

196 1501 253 1592 sit,
279 1504 745 1608 cementiumprofimdum
770 1529 878 1594 mare,
893 1502 992 1600 quod
1017 1503 1082 1576 vix
1108 1502 1231 1575 divina
1259 1525 1329 1598 ope
1353 1521 1437 1598 pos·

196 1623 253 1685 set
277 1613 432 1712 impleri:
468 1639 561 1710 quae
587 1639 677 1687 saxa
702 1627 777 1686 tam
802 1625 922 1702 vasta,
956 1637 1045 1709 quas
1077 1623 1153 1686 tam
1184 1635 1352 1709 proceras
1379 1633 1436 1682 ar·

195 1721 302 1795 bores
328 1747 436 1820 posse
462 1723 632 1820 reperiri?
671 1722 932 1796 exhauriendas
959 1745 1038 1794 esse
1063 1723 1244 1818 regiones,
1279 1731 1321 1793 ut
1346 1718 1437 1792 illud

196 1832 353 1927 spatium
378 1843 675 1930 exaggeraretur:
710 1843 924 1906 exaestuare
950 1855 1091 1929 semper
1116 1832 1264 1920 fretum,
1291 1853 1437 1927 quoque

108 1957 119 1976 ·
196 1941 308 2031 artius
329 1942 525 2015 ¹volutetur
558 1943 652 2016 inter
683 1943 835 2016 insulem
867 1952 905 2014 et
934 1942 1194 2029 continentem,
1220 1940 1290 2012 hoc
1316 1939 1435 2012 aerius

194 2050 322 2125 furere
373 2050 427 2124 hc
456 2053 515 2126 ille
529 2087 534 2096 ·
549 2052 825 2150 haudquaquam
855 2052 954 2125 rudis
987 2049 1231 2149 pertractandi
1261 2051 1435 2123 militares
1455 2073 1495 2122 rr

194 2221 276 2290 dices,
294 2223 340 2277 sed
358 2225 502 2280 deteriores
521 2225 603 2294 (Flor.
617 2244 708 2280 omnes
738 2243 796 2281 rne-
830 2225 975 2289 Quaeritur
992 2232 1082 2278 autem
1099 2241 1163 2277 num
1180 2223 1311 2278 sblstivm
1328 2221 1435 2276 absolu-

194 2299 239 2345 ter
255 2292 320 2358 AB,
339 2291 419 2346 Ber-n.
443 2293 619 2361 Nosse),
637 2293 714 2366 singu
740 2312 795 2348 rem
829 2302 874 2346 tus
899 2293 962 2364 poni
989 2291 1087 2364 possit,
1117 2291 1163 2346 ubi
1189 2291 1259 2346 idern
1284 2291 1435 2345 subiectum

195 2361 351 2414 destinasset
361 2362 468 2429 habent,
487 2363 558 2433 quod
574 2362 796 2416 sdAlexsndrum
829 2361 881 2415 ulio
892 2377 954 2415 essu
966 2359 1148 2431 promserit,
1166 2369 1196 2414 et
1212 2361 1235 2413 si
1289 2368 1351 2426 test,
1369 2376 1435 2412 num

195 2445 249 2481 non
273 2425 341 2480 male
367 2429 458 2482 referri
480 2439 570 2500 posset
578 2426 593 2498 ζ·
612 2429 638 2484 ui
661 2431 796 2486 meliorum
829 2429 909 2482 etism
931 2427 1096 2508 participium
1119 2428 1215 2482 omisso
1238 2378 1354 2481 sbistivo
1370 2427 1435 2480 sub-

195 2496 342 2550 suctoritss
369 2497 542 2568 praevaleret
583 2499 709 2554 Ceterum
734 2499 795 2552 liri·
829 2497 893 2550 ieeti
909 2496 995 2550 solum
1012 2511 1051 2554 suc
1124 2495 1241 2567 'ment
1276 2494 1356 2560 Quod
1372 2511 1435 2550 eum

194 2565 333 2618 stnndrum
343 2565 644 2638 Telmissensem'l‘uisse
661 2585 696 2620 ex
712 2567 795 2638 Lycia
830 2583 883 2618 non
901 2565 1047 2618 existimem
1074 2565 1112 2618 eri
1129 2581 1215 2636 posse,
1233 2564 1330 2618 veteris
1344 2563 1435 2617 mendi

194 2631 356 2688 Plutarchus
388 2634 416 2687 in
444 2634 522 2689 Alex.
553 2642 569 2690 2
600 2635 697 2702 trudit,
725 2638 795 2706 quod
829 2633 1018 2688 oomeeuonem
1036 2649 1070 2686 ex
1087 2633 1173 2687 alters
1190 2634 1266 2687 codd
1279 2631 1434 2685 mssclssse

194 2701 323 2780 oppidum
334 2702 516 2773 huruqiu'nse
530 2705 619 2758 Mem
627 2714 703 2758 vetus
712 2703 795 2762 Grae
830 2702 937 2774 recipio
972 2701 1079 2756 Medius
1101 2701 1209 2772 quidem
1231 2701 1260 2754 in
1275 2698 1436 2754 munbrnnis

90 2824 99 2841 ,
196 2786 237 2822 cue
263 2767 354 2835 novit,
381 2771 495 2824 testibus
513 2771 652 2826 Herodoto
670 2787 694 2840 r,
714 2779 746 2825 78
769 2781 798 2825 et
831 2769 884 2822 suis
910 2787 938 2822 ee
959 2769 1026 2822 dieit
1047 2769 1177 2822 invenisse
1200 2771 1297 2822 ommis
1323 2768 1436 2820 elilim

194 2835 310 2890 Arriam
333 2851 372 2904 11,
399 2845 425 2892 8.
466 2838 616 2893 Comitatus
641 2848 684 2892 est
709 2857 797 2909 regem
832 2841 903 2906 desp.
918 2839 1029 2890 ἰἠοωείι
1046 2845 1075 2890 et
1092 2837 1149 2906 ipse
1166 2837 1260 2904 edidit,
1277 2836 1434 2900 sierstm,2

52 2923 96 2956 e
192 2903 353 2978 ,Aristander
370 2923 454 2976 usque
471 2908 505 2960 nd
519 2907 665 2970 lsxsrtem,
683 2907 711 2960 in
726 2907 797 2961 cuius
831 2913 860 2957 et
878 2920 934 2972 vn,
961 2912 995 2959 ⁴0
1013 2907 1107 2974 etquido
1125 2907 1232 2959 incessit
1249 2907 1337 2958 enimc
1354 2903 1437 2974 vulgo

82 2997 85 3004 ⁴
195 2971 309 3025 fluminis
323 2973 438 3027 traiectu
452 2974 574 3028 ultimum
588 2975 737 3029 nomnstur
745 2987 796 3042 vrr,
832 2973 942 3042 legitur,
969 2975 1143 3046 amitus·
1156 2983 1245 3027 eutem
1267 2989 1374 3044 prorsus
1391 2989 1437 3025 su-

194 3046 238 3120 ttl.
266 3039 324 3094 Lib.
342 3055 389 3108 rx,
415 3048 447 3096 18
465 3042 626 3114 Demophon
650 3043 720 3096 illius
737 3042 797 3098 loco
832 3041 909 3121 ntulit
931 3049 1024 3122 oontm
1042 3040 1129 3121 Curtii
1152 3041 1283 3095 rationem
1304 3038 1437 3120 soibeudi

196 3123 384 3256 clrglbigidin
393 3119 514 3248 iiddom
536 3182 626 3247 morte]
661 3179 733 3232 Nece
751 3196 799 3250 per
831 3109 1436 3256 iiisiiiii?riiddriibroibiibir'oliendbbiddinm’obii³

195 3245 325 3297 editiones
343 3255 521 3316 propagatur,
540 3247 586 3300 sed
604 3256 752 3300 nostrorum
770 3256 798 3301 et
831 3261 928 3298 rexisse
945 3254 976 3299 ut
994 3245 1076 3300 eoiret
1093 3261 1153 3318 cum
1170 3246 1340 3298 canonibus.

195 3311 277 3366 Snalr.
296 3313 423 3366 librorum
444 3313 472 3367 in
497 3333 550 3368 uno
568 3314 639 3368 Flor.
656 3315 680 3368 F
698 3315 798 3368 inveni·
865 3324 893 3366 ut
919 3315 988 3368 illud
1008 3317 1123 3383 sputieem
1146 3324 1351 3383 exuqqeroretur
1372 3311 1390 3364 i.
1408 3327 1433 3365 e.

195 3389 248 3433 tur.
284 3379 339 3433 Sed
365 3399 415 3451 pro
438 3393 492 3434 tum
515 3383 543 3435 in
564 3382 707 3454 plerisque
721 3385 796 3436 eodd.
832 3399 866 3450 ng
900 3397 928 3433 re
946 3381 1106 3452 expleretur.
1141 3380 1232 3504 Vulgo
1249 3390 1437 3450 opperiri-etur:

195 3450 250 3502 s'om
267 3447 292 3500 le
312 3447 374 3514 tur,
392 3451 463 3519 quod
480 3458 541 3504 tuto
558 3451 669 3522 recipiat
685 3451 726 3504 cui
742 3450 798 3520 pln-
895 3451 971 3503 codd.
989 3458 1141 3504 nostrorum
1156 3459 1185 3502 et
1220 3449 1280 3502 nsk.
1295 3464 1436 3502 oonaensus

196 3525 249 3570 eet.
312 3517 369 3570 obis
386 3519 510 3570 mendum
528 3519 668 3572 videbatur
689 3527 763 3572 recte
781 3536 798 3571 s
831 3535 880 3586 pro
897 3518 972 3572 nobis
989 3527 1044 3572 stat
1061 3535 1111 3571 neo
1127 3519 1213 3571 minus
1222 3535 1284 3570 usus
1299 3513 1435 3586 loquendi,

194 3583 273 3638 Iunio
297 3585 444 3652 subletum,
466 3603 484 3638 s
499 3586 592 3640 Medio
609 3603 673 3640 vero
690 3587 797 3640 restitu—
832 3587 867 3638 cf.
877 3601 918 3651 vr,
931 3593 970 3639 17.
992 3588 1131 3656 Apparere
1145 3585 1215 3639 enim
1229 3590 1371 3655 poenum
1384 3591 1435 3637 est.

196 3663 261 3706 tum.
302 3652 340 3706 Et
363 3652 461 3722 legitur
487 3665 539 3706 tum
563 3654 592 3707 in
615 3655 695 3707 Bem.
722 3657 746 3706 Α
769 3661 799 3708 et
866 3665 1019 3708 exaestuare
1046 3673 1146 3724 suuper
1162 3655 1278 3725 fraeno]
1321 3654 1437 3706 Addunt

196 3719 278 3786 (siout
300 3738 315 3773 e
339 3721 443 3776 silentio
461 3721 656 3792 snakenburgii
674 3722 796 3789 coniicio)
832 3721 912 3791 vulgo
931 3733 962 3775 et.
997 3723 1052 3776 Sed
1075 3731 1164 3776 ortum
1185 3722 1235 3776 hoc
1251 3737 1285 3774 ex
1304 3719 1437 3792 praeposi·

195 3788 224 3842 in
243 3789 319 3842 Voss.
339 3797 363 3842 1.
832 3790 904 3843 tione
921 3790 995 3844 verbi
1012 3790 1159 3861 compositi,
1177 3807 1239 3853 nem
1250 3789 1352 3860 aliquot
1360 3789 1435 3843 codd.

232 3856 299 3926 Cup.
328 3863 375 3925 10,
402 3861 425 3926 ξ.
452 3865 492 3913 lt.
528 3862 668 3912 continenti
697 3860 796 3939 orbern]
832 3875 890 3911 cum
908 3859 972 3911 edit.
990 3877 1031 3929 pr.
1050 3870 1073 3911 et
1087 3869 1209 3912 aestuare
1224 3861 1353 3926 (estuare)
1363 3857 1435 3911 Flor.

195 3925 256 3978 Hoc
273 3925 365 3978 ordine
383 3927 523 3980 verborum
532 3944 621 3982 omnes
630 3928 705 3981 codd.
714 3938 797 3981 nostri
833 3926 908 3979 Cllll
925 3927 1006 3980 Born.
1023 3927 1057 3993 B,
1076 3926 1197 3996 plerique
1215 3943 1277 3979 vero
1294 3926 1363 3980 sieut
1379 3923 1436 3977 edi·

196 3993 314 4114 {lemque
332 4010 349 4046 e
366 3994 448 4047 Snslr.
466 3995 557 4048 collati
580 4013 639 4050 oum
655 3997 719 4048 edie
738 3997 797 4050 hlo-
831 3995 1213 4116 ἀὶωυεῇιιταᾶεωανομμιοά
1223 3994 1307 4046 Aldus
1320 3993 1435 4063 invexit)

226 4079 285 4113 ana
471 4081 474 4086 ¹
982 4103 989 4116 .
1034 4103 1041 4114 .

197 4130 799 4268 fita?
833 4081 1434 4252 liubaneminianu

196 4265 279 4318 lectio
296 4265 400 4318 incerta
417 4276 467 4332 est,
487 4285 548 4320 unm
566 4269 636 4322 Flor.
652 4242 700 4321 Ab
720 4271 798 4321 Bern.
834 4269 1001 4320 I’ertrocture
1022 4269 1123 4320 animos
1150 4239 1280 4320 licinianus
1304 4285 1356 4321 non
1374 4283 1436 4319 raro

197 4340 223 4386 Α
240 4333 314 4387 Leid.
334 4335 409 4388 Voss.
431 4344 441 4387 l
467 4335 560 4404 fragiis
579 4337 728 4390 Damasted.
748 4355 799 4390 non
834 4335 929 4388 tieem
947 4333 1032 4401 dixit,
1056 4351 1216 4405 quemquam
1233 4335 1303 4387 idem
1321 4335 1349 4387 iu
1366 4344 1436 4387 oret

197 4404 355 4456 currentium
399 4404 446 4456 sed
489 4407 651 4458 cementibru
692 4405 798 4458 habent.
833 4410 867 4456 28
884 4403 1052 4474 eloquentiae
1069 4421 1125 4456 esse
1142 4403 1181 4456 ait
1196 4415 1310 4457 truciore
1325 4405 1438 4456 onmes.
