3260 5042
594 389 645 440 un
672 387 801 442 ossus
828 387 937 440 anax.
963 389 1014 460 ιιι,
1040 391 1083 438 ss.
1408 381 1455 451 41

213 571 333 668 prima
359 570 463 667 signa
488 569 582 662 ibat,
617 569 815 646 identidem
846 597 956 647 manu
983 595 1067 646 suos
1093 571 1273 667 inhibens,
1314 605 1359 653 ne
1399 597 1457 652 'su-

213 678 347 776 spensi
374 679 491 756 acrius
509 681 556 756 ob
574 682 720 756 nimiam
745 683 1009 756 festinationem
1035 683 1212 757 concitato
1238 687 1374 782 spiritu,
1401 715 1456 762 ca-

172 801 402 888 epesserent
426 794 612 890 proelium.
654 789 816 887 Cumque
843 791 973 888 agmini
1000 792 1232 888 obequitaret,
1258 796 1359 867 varia
1378 823 1456 872 ora·

214 901 325 991 tione,
351 911 394 974 ut
419 903 592 997 cuiusque
618 901 745 974 animis
773 910 898 1000 aptum
924 911 1017 991 erat,
1044 902 1172 974 milites
1199 905 1455 1001 alloquebatur.

212 1007 447 1098 Macedones,
483 1018 541 1081 tot
571 1010 749 1085 bellorum
781 1013 817 1084 in
844 1011 989 1109 Europa
1014 1011 1184 1102 victores,
1219 1011 1267 1084 sd
1292 1015 1456 1113 subigen-

55 1196 58 1202 ,
214 1118 299 1193 dam
325 1118 451 1192 Asiam
479 1129 587 1220 atque
614 1123 741 1194 ultima
767 1118 934 1209 Orientis,
962 1145 1034 1193 non
1060 1121 1171 1218 ipsius
1196 1122 1320 1220 magis,
1347 1149 1455 1221 quarn

172 1244 295 1326 asno-
308 1226 421 1305 ductu
447 1231 608 1330 profecti,
636 1231 859 1305 inveteratae
884 1229 1028 1303 virtutis
1042 1229 1337 1305 admonebantur.
1369 1233 1454 1307 lllos

211 1349 391 1414 terrarum
430 1341 528 1414 orbis
562 1339 789 1430 liberatores,
831 1365 1065 1436 emensosque
1107 1341 1190 1415 olim
1221 1339 1384 1415 Herculis
1418 1355 1456 1419 et

210 1447 331 1526 Liberi
351 1450 471 1548 ,patris
497 1450 688 1540 terminos,
714 1474 789 1522 non
814 1447 934 1524 Persis
960 1449 1084 1542 modo,
1112 1450 1184 1525 'sed
1210 1445 1318 1524 etiam
1343 1455 1454 1526 omni·
1558 1458 1563 1467 '

210 1560 281 1633 bus
314 1559 483 1656 gentibus
523 1561 754 1660 imposituros
794 1561 933 1658 iugum:
977 1559 1213 1634 Macedonum
1252 1564 1453 1660 provincias

210 1668 344 1742 Bactra
368 1678 406 1742 et
430 1666 542 1744 Indos
567 1669 654 1743 fore.
687 1669 835 1743 Minima
860 1695 948 1762 esse,
976 1695 1066 1768 quae
1092 1695 1187 1744 nuno
1212 1671 1451 1761 intuerentnr3

169 1775 277 1852 saed
302 1779 423 1853 omnia
447 1779 600 1853 victoria
631 1781 770 1880 aperiri.
822 1777 904 1854 Non
936 1783 972 1854 in
1006 1781 1207 1881 praeruptis
1234 1781 1345 1880 petris
1370 1780 1452 1882 Illy-

210 1888 348 1962 riorum
374 1900 412 1964 et
438 1887 612 1964 Thraciae
638 1893 738 1966 saxis
765 1893 923 1966 sterilem
948 1892 1108 1972 laborem
1133 1892 1224 1966 sore:
1257 1892 1372 1990 spolia
1398 1904 1452 1966 to·
1483 1969 1489 1975 ,

122 2039 127 2044 -
208 1999 282 2072 tius
296 1995 455 2073 Orientis
481 2001 612 2073 offerri.
646 1999 723 2074 Vix
748 2001 869 2101 gladio
894 2002 1056 2074 futurum
1081 2025 1181 2100 opus,
1207 2011 1323 2074 totam
1340 2004 1451 2076 aciem

170 2131 277 2182 rsuo
303 2131 439 2206 pavore
465 2109 703 2187 fluctuantem
736 2111 953 2186 umbonibus
979 2136 1085 2209 posse
1112 2111 1271 2210 propelli
1322 2109 1451 2185 Victor
1525 2155 1528 2160 ·

207 2217 257 2291 ad
282 2217 373 2292 haec
398 2217 675 2295 Atheniensium
700 2219 887 2319 Philippus
921 2233 1025 2320 pater
1055 2221 1304 2312 invocabatur,
1339 2220 1450 2294 domi·

205 2335 339 2426 taeque
369 2354 488 2429 nuper
512 2329 684 2405 Boeotiae
716 2344 754 2406 et
785 2331 884 2406 urbis
918 2333 954 2403 in
988 2355 1031 2403 ea
1056 2331 1294 2405 nobilissimae
1321 2329 1369 2404 ad
1394 2357 1449 2426 so·

205 2436 283 2510 lum
319 2435 461 2514 dirutae
495 2441 631 2539 species
665 2442 1004 2541 repraesentabatur
1036 2441 1171 2516 animis.
1215 2439 1293 2516 Iam
1321 2437 1449 2515 'Grani-

207 2569 290 2620 oum
315 2573 485 2641 amnem,
515 2552 598 2634 iam,
622 2561 680 2626 tot
710 2552 818 2626 urbes
851 2563 915 2626 aut
940 2563 1164 2650 expugnatas
1190 2562 1253 2626 aut
1278 2551 1315 2624 in
1340 2549 1450 2624 fidem

206 2669 384 2756 acceptas,
412 2661 612 2758 omniaque,
640 2685 732 2758 quae
758 2673 843 2761 post
868 2673 1010 2760 tergum
1035 2671 1147 2750 erant,
1175 2670 1299 2751 strata,
1326 2669 1364 2734 et
1390 2685 1448 2758 pe·

168 2765 314 2844 adibus
340 2769 502 2868 ipsorum
527 2770 690 2856 subiecta
715 2771 948 2847 memorabat.
1002 2767 1092 2846 Cum
1117 2769 1255 2845 adierat
1281 2767 1448 2861 Graecos,

207 2940 359 2996 citatiorem
376 2942 619 3016 animsmreoipare
628 2945 747 3016 possint:
765 2963 814 3000 nos
848 2945 963 3000 mona
989 2944 1110 3000 librarius
1135 2945 1297 3000 ooneotione
1323 2945 1448 3015 effingere

204 3011 337 3076 'ntbmlrh
848 3013 1000 3084 temptavit.
1026 3013 1136 3068 Habent
1152 3013 1222 3068 enim
1238 3013 1315 3068 oodd.
1332 3013 1446 3066 Bern.B

242 3079 301 3144 μ.
319 3079 421 3148 upmieri
429 3079 587 3150 obequitaret
605 3079 722 3134 omnium
737 3081 813 3136 oodd.
842 3084 908 3152 poi,
935 3080 1006 3135 Flor.
1024 3081 1052 3134 H
1064 3083 1150 3151 parui
1159 3121 1167 3150 ,
1194 3081 1266 3135 Flor.
1284 3082 1308 3135 B
1326 3088 1355 3133 et
1372 3080 1447 3134 leid.

207 3161 337 3198 ωιιιειιιιι
362 3146 502 3214 lii-mutim,
529 3147 578 3202 uisi
603 3149 674 3203 sorte
697 3150 755 3203 axoi
776 3149 813 3203 iae
848 3151 940 3203 victori
956 3151 1074 3219 operiri,
1100 3150 1179 3203 Bern.
1198 3150 1224 3202 A
1245 3150 1446 3217 metorr'operier'¹

206 3211 285 3292 you.
304 3219 335 3280 2,
362 3214 396 3268 de
432 3233 468 3270 uo
485 3215 564 3270 silens
582 3215 665 3272 Snak.
683 3168 814 3288 sigillent
847 3217 943 3288 reliqui
961 3217 1033 3288 quod
1052 3231 1112 3272 oum
1129 3217 1220 3298 Medio
1238 3216 1373 3298 edidimus.
1412 3285 1418 3298 ι

207 3297 235 3334 ιιι
251 3296 284 3335 oo
302 3297 359 3336 asse
450 3301 584 3356 ‚nomem
611 3285 684 3355 quod
709 3285 813 3339 ratione
883 3289 940 3354 §.a
959 3304 1011 3338 non
1029 3287 1056 3339 ia
1069 3295 1223 3356 praereptis
1234 3295 1321 3354 petras
1339 3286 1445 3354 Illyrio-

208 3348 324 3418 quidam,
342 3351 510 3418 sedvixusu,
525 3351 813 3424 Lahnumestquam-
847 3355 915 3422 non]
942 3353 1032 3424 Vulgo
1049 3370 1083 3406 ax
1100 3353 1168 3407 libro
1185 3353 1241 3406 eius
1258 3351 1361 3423 generis
1380 3369 1445 3422 qua-

305 3421 408 3472 moem'u
426 3421 576 3490 obequitare
595 3421 664 3476 dixit
680 3421 812 3490 Ammian.
847 3421 878 3476 lis
895 3430 937 3475 ast
953 3421 1024 3475 Flor.
1042 3421 1067 3475 Ε
1084 3420 1216 3476 omittitur
1233 3423 1269 3474 ia.

309 3499 393 3567 xm,
412 3493 437 3541 2.
883 3493 940 3610 ql.
958 3491 1093 3559 omniaque
1102 3491 1444 3609 qemepostterpmnernat]
1507 3565 1510 3570 Α

241 3555 460 3624 adrnhyendnm
470 3557 575 3625 Asiam]
601 3555 674 3610 Pieri
712 3557 812 3611 aoodd.
848 3557 934 3612 So'ta
951 3558 1174 3612 abenationeood
1194 3566 1362 3626 .sutrquoras
1371 3556 1446 3610 leid.

207 3619 352 3676 deteriores
369 3621 451 3676 Bern.
468 3623 493 3677 B
512 3623 584 3678 Flor.
600 3623 675 3679 CDF
733 3624 812 3680 voa.
847 3625 948 3680 Vosal
968 3625 1048 3680 Bern.
1061 3627 1087 3680 Α
1104 3625 1175 3679 Flor.
1193 3625 1242 3678 AB
1260 3626 1347 3677 omnio
1400 3641 1445 3676 ae-

207 3693 223 3740 2
242 3689 446 3759 rubiupoadom,
464 3701 539 3746 recta
554 3701 645 3746 tamen
663 3693 723 3746 edd.
741 3709 813 3747 avo-
866 3711 905 3760 ue,
924 3693 994 3748 undo
1011 3693 1037 3747 in
1054 3692 1242 3748 recentioribus
1259 3691 1368 3746 Flosc
1397 3691 1447 3745 FG

207 3755 303 3810 eubulo
320 3773 419 3812 aeneas
436 3761 533 3814 aetatis
550 3760 745 3814 abstiuuantnt.
847 3711 891 3815 lu
908 3761 987 3814 Bam.
1004 3761 1028 3814 B
1051 3763 1138 3840 omnio
1156 3777 1321 3830 quaecunque
1338 3759 1445 3827 hatum,

242 3825 310 3890 §⁵-
344 3825 521 3881 Macedonron
538 3829 694 3898 provinciae
711 3829 812 3882 Bactra
847 3828 875 3882 in
891 3829 969 3882 Voss.
988 3835 1101 3882 2et1am
1118 3831 1254 3898 manisque
1271 3844 1445 3897 quaemoque.

207 3897 232 3942 a
249 3891 332 3944 Indos
340 3894 417 3961 fore]
436 3894 538 3949 Vooem
551 3897 713 3966 provincias,
733 3913 812 3966 quam
899 3901 947 3949 .8.
966 3898 999 3950 ab
1016 3899 1058 3950 hie
1093 3897 1203 3964 aelus]
1229 3896 1300 3949 Flor.
1319 3895 1347 3948 Η
1364 3895 1445 3948 Bern.

207 3973 285 4037 Qu
303 3975 365 4040 vere
382 3959 506 4042 llourano⁸
525 3963 609 4042 intelli
637 4003 672 4043 fl,
699 3979 734 4017 ex
771 3963 812 4043 ¹¹¹3
846 3963 870 4017 B
916 3971 991 4018 oss.2
1010 3915 1124 4030 abillis,
1143 3963 1281 4045 nonnmale
1300 3978 1444 4042 nisruprae-

206 4029 568 4151 marasan
585 4031 697 4168 calu
714 3981 812 4169 ahi
845 4039 932 4168 aa
946 4033 1181 4153 ,abrasa
1197 4031 1372 4170 ssim

207 4095 811 4303 anathemasset.
846 4169 1035 4289 ιι]
1059 4165 1382 4305 transmaria
1398 4165 1443 4286 b:

206 4295 282 4350 dinus
300 4297 389 4350 editor
406 4299 470 4352 fecit
488 4309 517 4354 et
539 4301 620 4372 vulgo
647 4301 737 4356 editur
757 4319 810 4370 pn-
845 4305 977 4355 solentino.
1012 4301 1110 4356 Mirum
1134 4310 1223 4355 tamen
1246 4302 1363 4357 inlibris
1379 4319 1441 4355 mss.

203 4365 265 4416 ruri
281 4363 309 4419 iu
327 4365 409 4433 nullo,
430 4376 559 4438 quantum
576 4370 639 4437 seio,
658 4369 748 4423 oodioe
762 4386 809 4422 rus.
845 4371 963 4423 omuibus
982 4370 1051 4423 istud
1069 4371 1191 4423 mondum
1207 4370 1331 4436 inveniri,
1350 4387 1443 4440 quam·
1514 4429 1520 4444 ,

204 4431 343 4487 iuvenum
368 4443 411 4488 est
437 4453 454 4488 a
471 4435 557 4507 prima
578 4453 676 4504 manu,
703 4437 731 4490 in
757 4454 809 4490 uuo
844 4455 923 4509 quam
940 4455 974 4491 ex
992 4437 1062 4492 Flor.
1080 4443 1103 4491 A
1122 4446 1150 4492 et
1168 4438 1190 4493 C
1208 4439 1272 4492 nihil
1290 4455 1306 4492 a
1323 4437 1442 4490 Freinsh.
