3336 5066
213 316 296 388 ·180
683 327 718 392 o.
746 325 871 380 caeru
896 327 981 380 aaut
1076 323 1079 328 ·

215 535 325 610 super
350 511 470 608 capita
492 509 650 586 hostium
676 536 858 588 evasuros.
911 508 1002 585 Cum
1034 511 1222 584 consilium
1253 511 1494 610 placuissem

214 621 322 694 iidem
354 621 521 696 itinerum
555 625 701 698 fuerunt
734 625 853 698 duces.
911 645 941 696 ιι
967 634 1004 696 et
1029 643 1055 694 n
1089 621 1256 695 mercede
1291 622 1461 697 conducti

215 742 253 803 et
277 729 428 830 Agriani
453 735 528 810 tere
554 759 583 808 ιι
608 735 765 808 Tauroni
790 736 971 833 praesecto
998 732 1084 823 dati,
1112 757 1154 805 ac
1181 741 1266 830 post
1291 733 1377 805 solis
1404 757 1463 804 oc·

214 865 339 916 casum
364 845 432 920 iter
456 845 595 942 ingredi
621 829 717 918 iussi.
778 845 860 944 lpse
892 847 999 920 tertia
1033 845 1156 944 vigilia
1190 842 1317 915 castris
1352 843 1498 914 motist

214 953 310 1026 circa
334 954 424 1028 lucis
451 967 570 1028 ortum
597 967 744 1052 superat
770 959 970 1052 angustias,
1006 981 1182 1053 caesaque
1209 953 1362 1026 materia
1386 973 1463 1023 cra·

216 1064 313 1137 tibus
341 1077 378 1137 et
404 1065 533 1162 pluteis
565 1063 757 1152 faciundis,
791 1067 919 1160 utqui
946 1077 1064 1138 turres
1092 1065 1331 1138 admoverent
1356 1073 1464 1138 extra

216 1174 279 1248 teli
304 1175 438 1246 iactum
463 1180 594 1260 essent,
614 1172 740 1246 urbem
766 1171 932 1246 obsidere
959 1176 1086 1273 coepit
1127 1173 1332 1271 Praerupta
1358 1183 1498 1248 erantt

215 1283 354 1373 omnia,
388 1283 486 1356 saxis
519 1294 557 1356 et
581 1282 720 1356 cotibus
753 1283 932 1382 impedita
985 1283 1108 1357 Multis
1136 1308 1224 1382 ergo
1251 1283 1463 1354 vulneribus

214 1390 372 1489 depulsi,
407 1406 449 1469 ut
481 1395 609 1493 quibus
635 1421 709 1469 non
735 1421 815 1468 cum
840 1396 946 1469 hoste
972 1397 1106 1488 solum,
1142 1394 1208 1470 sed
1243 1395 1353 1468 etiam
1379 1415 1463 1465 curn

213 1501 295 1575 loco
321 1501 564 1578 dimicandum
590 1517 695 1610 esset,
722 1507 892 1580 subibant
916 1517 1049 1598 tamen,
1067 1509 1152 1605 quia
1177 1531 1245 1580 rex
1271 1505 1366 1578 inter
1391 1503 1497 1602 pri-t

214 1637 293 1684 mos
320 1617 546 1706 constiterat,
581 1617 806 1714 interrogans
839 1627 897 1689 tot
921 1618 1064 1689 urbium
1099 1618 1276 1706 victores,
1310 1640 1357 1687 an
1384 1637 1463 1686 eru·

215 1722 406 1818 bescerent
435 1725 583 1798 haerere
617 1725 654 1796 in
687 1725 874 1798 obsidione
907 1727 1043 1799 castelli
1071 1727 1193 1824 exigui
1220 1737 1258 1799 et
1282 1724 1462 1824 ignobilis,

215 1832 320 1904 simul
347 1833 557 1911 admonens
573 1835 595 1880 ¹
621 1835 643 1880 ¹

213 1939 313 2018 Inter
337 1942 428 2018 haec
454 1947 591 2019 eminus
616 1947 822 2044 petebatur;
859 1972 966 2043 quem
997 1944 1180 2018 testudine
1207 1945 1349 2017 obiecta
1374 1943 1467 2016 mili.

215 2063 284 2143 tce,
311 2053 372 2128 ubi
399 2067 441 2130 ut
466 2055 667 2130 discederet
691 2059 888 2156 perpellere
914 2057 1137 2154 nequierant,
1164 2056 1370 2129 tuebantur.
1521 2081 1522 2084 ¹

166 2166 213 2237 ll
319 2164 480 2238 Tandem
507 2166 650 2240 Tauron
678 2192 787 2266 super
812 2193 930 2241 arcem
953 2167 1050 2241 urbis
1070 2191 1110 2241 se
1129 2192 1212 2239 curn
1230 2191 1298 2240 suc
1318 2164 1461 2264 agmine
1482 2182 1514 2231 ιο

215 2269 391 2348 ostendit:
419 2277 592 2351 adonius
619 2289 849 2379 conspectum
876 2290 914 2352 et
938 2279 1097 2352 hostium
1122 2277 1232 2350 animi
1258 2277 1397 2368 labare,
1425 2287 1463 2348 et

214 2383 430 2481 Macedones
463 2389 578 2462 acrius
613 2391 788 2488 proelium
812 2390 902 2463 inire
928 2397 1134 2488 coeperunt
1187 2387 1335 2486 Anceps
1363 2385 1462 2485 oppi-
1481 2405 1512 2452 ιι

249 2574 274 2637 s.
294 2578 317 2624 t.
339 2579 447 2641 ceperat
464 2573 615 2644 anqustiae]
638 2571 684 2627 Sic
700 2571 819 2644 plerique
852 2591 914 2627 vene
931 2573 986 2625 iam
1003 2573 1073 2624 inter
1082 2573 1147 2625 baec
1167 2588 1215 2624 em.
1221 2573 1371 2640 petebatur,
1383 2587 1463 2640 maen

213 2636 274 2692 libri
291 2639 362 2694 Flor.
380 2647 410 2693 et
426 2647 539 2763 uterqpe
556 2640 636 2694 Rern.
654 2641 817 2696 Imavos.
852 2653 908 2695 teet.
926 2643 976 2694 obi.
994 2642 1099 2706 milites,
1117 2657 1193 2709 quem
1210 2649 1238 2692 ut
1257 2643 1318 2692 inde
1328 2639 1394 2692 dier.
1398 2656 1463 2708 per·

216 2715 247 2773 ι,
265 2719 391 2778 superant
408 2707 479 2762 flor.
522 2749 530 2776 ,
675 2710 774 2766 tFlor.
793 2709 818 2776 I,
848 2712 947 2789 petiere
970 2711 1143 2778 nequeant,
1170 2709 1318 2761 tutentur.
1354 2707 1464 2760 Medius

214 2785 356 2844 superarat
378 2775 450 2829 Flor.
468 2775 512 2844 H,
537 2794 557 2829 a
596 2795 625 2831 ιιι
649 2779 720 2848 quod
738 2777 818 2915 vulfo
852 2779 974 2848 dentque,
992 2793 1052 2830 eum
1069 2775 1201 2845 flagitiose
1218 2783 1298 2828 antea
1314 2793 1351 2828 an
1364 2803 1395 2814 -
1410 2791 1464 2828 nan

787 2864 817 2898 a.

214 2842 338 2897 scribitur
358 2853 536 2914 superauerat.
577 2844 663 2900 Paulo
688 2853 750 2916 poet

215 2912 320 2964 aitmdie
342 2929 392 2982 pro
405 2913 546 2992 faciendis
563 2912 648 2966 veteri
665 2929 738 2968 more
755 2931 818 2966 scn-
852 2913 1007 2983 soripsisset,
1034 2921 1092 2964 ιιιιιι
1110 2911 1188 2965 iecit:
1211 2913 1291 2964 simul
1318 2913 1373 2964 ium
1394 2915 1465 2964 inter

165 3033 168 3038 .
214 2979 332 3032 ιιοιιιιιιιιι
348 2981 413 3034 dan
430 2996 465 3034 ex
480 2979 621 3034 Bern.AB
639 2989 669 3034 et
685 2981 818 3036 Flanona
852 2984 916 3035 tace
933 2999 982 3035 en.
993 2981 1148 3051 petebatm,
1172 2997 1231 3032 men
1248 2989 1306 3032 teet.
1323 2981 1375 3033 abi.
1391 2981 1464 3032 meti·

215 3045 369 3119 chcepto
386 3047 514 3102 omnibus.
532 3047 614 3102 Snak.
629 3049 691 3104 silet
705 3049 741 3103 'de
758 3049 819 3103 suis.
853 3061 900 3116 tes,
919 3067 993 3118 quem
1011 3059 1039 3102 ut
1057 3050 1119 3101 inde
1136 3049 1238 3101 eederet
1288 3049 1401 3116 opettere
1418 3063 1464 3100 ne·

214 3113 261 3169 Sic
276 3133 339 3170 mox
353 3135 378 3184 c
397 3125 427 3170 rt
446 3134 487 3188 pr.
499 3119 733 3186 progrediendum.
752 3118 820 3170 Item
853 3121 999 3188 quiverant,
1017 3117 1164 3170 tuebantur.
1197 3115 1241 3168 Ex
1279 3115 1285 3126 '
1317 3131 1389 3168 nunc
1405 3114 1464 3168 vul·

214 3194 290 3238 extra
308 3187 353 3237 teli
370 3187 466 3238 iactum
484 3201 574 3238 omnes
587 3185 647 3240 libri
661 3185 721 3254 mei,
739 3186 820 3255 vulgo
854 3194 916 3256 gata
941 3184 1085 3256 composita
1108 3191 1163 3236 esti
1192 3185 1278 3236 Simul
1305 3185 1368 3236 iam
1396 3185 1465 3236 inter

215 3253 310 3306 iettmt:
327 3253 360 3306 of.
378 3253 413 3305 ad
430 3267 470 3320 ιιι,
491 3261 530 3306 11.
853 3257 917 3307 baec
934 3256 1034 3306 eminus
1052 3253 1210 3322 petebatur;
1234 3268 1302 3303 eum
1329 3261 1385 3304 test.
1413 3251 1463 3304 obi.

852 2847 1038 2910 erubescerent,
1058 2843 1132 2914 qussi
1151 2842 1190 2896 sic
1204 2842 1260 2895 lieri
1270 2849 1463 2909 necesseesset,

267 3327 318 3376 .9.
352 3323 432 3374 simui
448 3322 621 3376 admonens‘.
652 3322 727 3375 Inter
743 3324 818 3394 baec]
853 3324 948 3375 milites
970 3323 1025 3390 qui
1047 3331 1074 3374 ut
1102 3322 1180 3372 inde
1198 3321 1343 3384 discederet
1356 3321 1464 3389 perpel-

260 3387 296 3440 idi
313 3387 400 3442 locum
417 3389 454 3442 sic
472 3395 503 3442 ιιι
519 3389 547 3443 in
558 3389 712 3444 Florentino
729 3391 820 3443 codice
854 3393 906 3443 lere
923 3393 1093 3469 nequiverant
1111 3395 1162 3439 cet
1198 3387 1301 3439 Verum
1318 3390 1463 3440 admonent

216 3455 398 3526 antiquissimo
422 3457 532 3527 legitur,
559 3475 576 3510 s
599 3457 672 3512 cuius
689 3458 820 3528 scriptura
854 3459 881 3511 in
898 3459 1019 3512 omnibus
1037 3455 1172 3509 codicibus
1189 3463 1246 3516 est,
1274 3456 1328 3508 iam
1353 3455 1382 3507 in
1408 3471 1463 3508 uno

216 3540 251 3576 ne
268 3525 348 3578 ceteri
367 3525 473 3595 quidem
490 3525 540 3579 uisi
557 3525 663 3597 paulum
676 3525 819 3580 disoedunt
853 3527 925 3580 Flor.
948 3524 982 3579 G.
1018 3523 1086 3576 Item
1112 3539 1187 3591 quem
1210 3538 1302 3575 omnes
1325 3523 1461 3588 exhibent,

216 3591 308 3647 Unum
326 3593 360 3646 de
377 3611 436 3648 meo
454 3593 556 3662 adieci,
582 3611 673 3649 vocem
697 3596 742 3648 ubi
759 3603 820 3648 ente
872 3597 900 3647 ui
925 3593 952 3646 in
978 3593 1051 3646 nullo
1068 3589 1209 3644 invenitur.
1244 3588 1300 3643 Pro
1318 3593 1463 3644 discederet

216 3669 258 3728 ut,
283 3679 363 3732 quam
385 3663 455 3717 ratio
472 3663 552 3716 totius
569 3661 714 3716 senmntiae
731 3671 821 3733 postu-
853 3613 924 3716 l'lor.
944 3659 970 3714 G
987 3663 1048 3712 inde
1066 3662 1166 3712 cederet
1185 3657 1280 3723 hebet,
1305 3658 1398 3728 reliqui
1417 3661 1463 3711 de·

216 3727 272 3782 lare
294 3729 441 3784 videbatur.
482 3729 615 3785 Lacunam
638 3731 739 3801 aliquot
761 3749 821 3784 ver·
854 3734 954 3784 cederet
971 3737 1017 3782 sut
1034 3729 1215 3790 descenderet,
1238 3726 1320 3778 Bam,
1343 3726 1370 3777 A
1388 3743 1405 3778 s
1422 3745 1462 3796 pr.

217 3798 312 3850 borum
329 3813 385 3852 csse
403 3799 480 3852 facile
497 3799 659 3870 intelligitur,
679 3817 758 3880 quarn
775 3799 820 3870 qui
854 3818 888 3879 m.
906 3809 934 3851 ut
952 3799 1066 3861 diceret,·
1088 3795 1135 3846 sed
1153 3796 1297 3846 discederet
1315 3801 1403 3873 tamen
1421 3811 1463 3846 sa·

216 3869 628 4004 ttetffifflliattd
639 3876 820 4007 illiti
855 3862 1296 4007 itetttf‘taitt‘ittit,
1313 3869 1464 4000 iiiiii

217 4001 289 4056 Nem
297 4003 360 4057 edit
370 4023 409 4075 pr.
427 4006 507 4058 simui
523 4007 665 4058 adraonem
682 4006 736 4057 iam
753 4007 821 4058 inter
855 4003 931 4056 huius
955 4001 1004 4054 loci
1022 4007 1063 4052 est
1080 4015 1129 4051 uec
1146 3996 1306 4067 particulam
1324 4008 1351 4050 ut
1369 4013 1463 4067 regere

217 4071 281 4124 baec
303 4075 405 4126 mainus
426 4074 579 4144 petebatur,
610 4091 666 4126 mem
691 4083 747 4125 test.
771 4075 819 4125 obi.
855 4079 948 4142 potest.
973 4069 1156 4137 Nequiterant
1173 4065 1200 4116 in
1218 4081 1272 4118 uno
1289 4063 1394 4118 Flor.B
1413 4073 1462 4132 est,

217 4141 313 4192 milites
331 4151 360 4192 ut
382 4144 444 4194 inde
462 4145 604 4194 diseederet
616 4143 761 4210 perpellere
777 4159 820 4192 ne-
855 4139 934 4194 oetori
952 4139 1114 4206 nequierant.

218 4208 364 4288 quiverant,
374 4213 519 4264 tuebantur.
537 4206 648 4262 Aldina:
663 4211 742 4262 simul
750 4211 818 4262 adm.
1242 4270 1247 4280 Ι
1351 4269 1356 4280 Ι

217 4293 272 4328 eam
291 4279 359 4329 inter
376 4280 438 4332 baec
456 4279 719 4347 attemperantur,
764 4293 820 4330 uem
890 4274 1057 4344 Oep.x1,§.
1078 4269 1290 4324 tactionum
1308 4271 1393 4346 animi
1410 4269 1461 4322 hoc

218 4353 275 4398 teu.
304 4346 353 4398 obi.
382 4350 492 4414 milites,
524 4358 552 4400 ut
581 4349 642 4401 inde
668 4349 739 4400 disce
787 4355 818 4411 et,
854 4342 945 4396 ordine
963 4357 1052 4394 omnes
1075 4337 1127 4391 mei
1145 4345 1173 4389 et
1190 4336 1272 4389 Susk.
1290 4335 1364 4388 Lerd.
1384 4337 1460 4390 Voss.

213 4414 313 4485 pellere
330 4431 387 4484 neq.
406 4417 470 4469 tucb.
494 4415 617 4470 Iuniana:
634 4416 714 4470 simul
730 4417 819 4468 admo·
856 4420 880 4478 1,
899 4409 978 4480 vulgo
996 4419 1020 4463 et
1036 4408 1121 4462 animi
1146 4407 1259 4458 boetium
1276 4404 1361 4456 minus
1380 4415 1461 4460 recto.
