3336 5066
583 352 633 404 nn
660 351 787 404 crsr1s
815 352 925 404 anax.
952 351 1002 420 vr,
1031 349 1074 402 ra.
1369 327 1444 400 245
1550 411 1564 431 ,

139 554 142 558 ·
192 533 265 608 teri
290 533 432 607 remissi
459 529 624 627 domum,
660 544 805 633 praeter
830 531 1146 621 Lacedaemonios,
1173 556 1264 628 quos
1290 529 1385 606 trudi
1410 531 1447 606 in

193 641 400 720 custodiam
425 645 541 721 iussit

123 775 165 821 11
300 752 514 832 Mardorum
545 765 624 828 erat
659 777 749 852 gens
780 753 930 828 confinis
964 751 1185 852 Hyrcaniae,
1220 751 1320 826 cultu
1349 753 1496 827 vitae16

193 889 327 966 aspera
353 877 391 942 et
416 864 613 938 latrociniis
640 875 795 938 assueta.
848 863 949 936 Haec
983 865 1061 937 sola
1086 888 1154 936 nec
1179 864 1319 962 legatos
1343 863 1446 938 mise·

192 989 269 1071 rat,
304 1002 372 1052 nec
407 973 600 1048 videbatur
633 977 809 1074 imperata
840 975 990 1047 lactura
1043 972 1169 1070 ltaque
1196 997 1262 1046 rex
1288 973 1448 1072 indigna·

191 1099 265 1178 tus,
291 1089 323 1160 si
349 1110 424 1158 una
448 1111 538 1184 gens
565 1099 690 1186 posset
716 1087 876 1176 efficere,
902 1109 948 1157 ne
974 1083 1131 1160 invictus
1157 1093 1268 1174 esset,
1300 1083 1448 1182 impedi·

191 1197 329 1270 mentis
354 1220 440 1270 cum
464 1197 645 1296 pracsidio
670 1198 821 1288 relictis,
847 1195 985 1270 invicto
1009 1219 1121 1268 manu
1146 1195 1341 1269 comitante
1365 1219 1449 1293 pro·

128 1328 172 1374 12
193 1305 302 1382 cedit
341 1305 461 1382 Noctu
487 1309 558 1382 iter
581 1309 725 1398 fecerat,
739 1318 778 1382 et
802 1307 918 1405 prima
943 1306 1023 1381 luce
1048 1305 1164 1380 bostis
1190 1305 1227 1380 in
1253 1315 1449 1403 conspectu
1559 1329 1563 1338 ·

192 1429 290 1493 crat:
326 1420 505 1494 tumultus
540 1420 654 1517 magis
686 1443 794 1516 quam
828 1417 1005 1516 proelium
1039 1416 1116 1490 luit
1146 1475 1148 1480 .
1177 1414 1368 1490 Deturbati
1401 1441 1449 1490 ex

193 1525 360 1621 collibus,
392 1553 484 1626 quos
512 1545 794 1629 occupaverant,
824 1527 971 1602 barbari
996 1529 1248 1627 pmfirgerunt:
1282 1527 1451 1627 proximi·

134 1657 171 1706 ra
193 1664 266 1736 que
297 1640 367 1712 vici
402 1639 449 1713 ab
482 1640 608 1715 incolis
643 1640 776 1714 deserti
813 1640 1015 1738 capiuntur.
1081 1637 1258 1713 Interiora
1291 1637 1447 1738 regionis

193 1749 271 1822 eius
295 1749 397 1824 baud
423 1775 511 1826 sane
537 1751 628 1826 adiri
653 1753 731 1826 sine
757 1775 889 1849 magna
915 1751 1111 1826 vexatione
1138 1749 1319 1824 exercitus
1344 1759 1444 1849 pote-

191 1868 286 1932 rant
339 1857 431 1960 Iuga
454 1864 634 1936 montium
659 1863 844 1961 praealtae
879 1862 992 1936 silvae
1018 1887 1198 1962 rupesque
1224 1861 1344 1936 inviae
1369 1885 1446 1936 sac·

195 1968 318 2066 piunt;
354 1997 409 2063 ea,
436 1997 529 2070 quae
554 1974 664 2072 plana
689 1984 789 2065 sunt,
815 1997 914 2046 novo
939 1974 1152 2048 munimenti
1177 1997 1310 2070 genere
1336 1972 1444 2071 impe-

137 2099 175 2146 14
194 2077 338 2166 dierunt
368 2083 524 2158 barbari.
576 2083 738 2158 Arbores
772 2083 908 2160 densae
943 2094 1030 2158 sunt
1056 2082 1102 2158 de
1128 2082 1306 2158 industria
1332 2083 1446 2156 consi·

195 2201 270 2284 tae,
297 2195 451 2290 quaruni
476 2204 622 2270 teneros
647 2193 766 2269 adhuc
791 2219 911 2270 ramos
943 2220 1055 2269 manu
1079 2194 1247 2285 flectunt,
1278 2218 1369 2291 quos
1394 2195 1448 2292 in·

194 2312 311 2378 tortos
343 2329 470 2379 rursus
504 2307 671 2380 inserunt
707 2316 842 2380 terrae:
885 2304 970 2380 inde
986 2307 1106 2382 ,velut
1139 2330 1188 2378 ex
1221 2304 1293 2378 alia
1325 2302 1446 2378 radice

138 2429 173 2480 1⁵
193 2413 361 2488 laetiores
395 2416 517 2490 virent
547 2419 674 2490 trunci.
726 2415 825 2507 lica,
860 2441 934 2514 qua
957 2415 1206 2505 naturalem,
1239 2413 1444 2490 adolescere

193 2548 268 2598 non
299 2526 438 2599 sinunt:
470 2528 605 2627 quippe
638 2529 747 2601 alium
779 2528 838 2602 alii
870 2529 974 2625 quasi
1008 2552 1108 2601 nexu
1134 2537 1347 2615 conserunt3
1363 2597 1365 2602 ,
1382 2525 1444 2622 qui

193 2634 255 2707 ubi
281 2638 394 2710 multa
420 2637 549 2712 fronde
575 2640 698 2713 vestiti
724 2649 819 2729 sunt,
847 2639 1018 2737 operiunt
1043 2649 1188 2712 terram.
1235 2635 1361 2733 ltaque
1387 2661 1445 2708 oc-

193 2745 281 2817 culti
314 2771 499 2820 ramorum
533 2749 636 2822 velut
667 2750 784 2847 laquei
822 2759 1000 2850 perpetua
1035 2773 1143 2846 saepe
1177 2747 1247 2821 iter
1282 2744 1442 2820 cludunt.

228 2901 347 3066 02qu
360 2950 431 3017 §.la
450 2950 649 3018 invictumque]
667 2949 800 3021 hportu-
871 2952 894 3019 §.
915 2955 956 3004 12.
993 2949 1103 3003 barbari
1122 2948 1310 3020 prosuqetunt]
1345 2945 1447 3016 Prosu-

192 3098 252 3136 cum
280 3081 350 3137 idem
378 3084 460 3156 paulo
492 3093 555 3139 ants
586 3095 674 3158 aptius
710 3086 800 3140 fuerit.
836 3085 933 3157 aliique
955 3093 1089 3157 quotquot
1112 3084 1198 3139 solent
1225 3093 1300 3137 crtan
1313 3083 1444 3152 prosayc-

192 3149 377 3230 Enqenflmmt
393 3152 678 3224 igiturFreinshemius
689 3157 801 3234 relique²
835 3165 906 3208 ruat.
925 3153 977 3207 Sec
997 3170 1123 3208 enumero
1137 3171 1154 3207 a
1167 3151 1355 3206 Praesentibus
1374 3167 1443 3222 qnae

191 3217 319 3273 Hernuus
336 3222 437 3289 indta,
461 3220 611 3276 Scbeffenu
629 3224 747 3290 indicta,
775 3223 801 3276 br
836 3222 962 3276 dicuntur
998 3221 1109 3278 'tor-icis
1134 3222 1168 3274 ad
1186 3221 1311 3274 Perfecta
1336 3219 1442 3273 transiri

231 3285 300 3340 'dem
331 3289 406 3360 peius
434 3306 451 3343 e
478 3291 550 3345 malo
580 3291 726 3359 facientes,
754 3307 802 3344 nec
836 3299 864 3344 et
881 3291 939 3345 vics
956 3307 1033 3345 versa
1049 3289 1176 3357 vidimus,
1203 3288 1237 3342 cs.
1255 3303 1315 3354 vn,
1343 3293 1390 3355 88,
1408 3295 1442 3342 22

193 3419 201 3432 ι
221 3371 264 3407 ιιι.
281 3355 371 3410 Faber
393 3357 494 3412 felicius
516 3361 653 3428 expedita,
680 3359 802 3432 quoniam
837 3361 931 3430 Itaque
949 3361 1040 3428 copias
1057 3359 1161 3424 dividit,
1180 3359 1273 3428 orique
1291 3373 1370 3425 uqi-os
1389 3359 1445 3410 ius·

192 3421 259 3475 illud
286 3424 394 3493 quidem
419 3427 517 3480 addere
540 3445 730 3500 supervacuum
752 3435 802 3482 est
836 3429 886 3494 rel,-
912 3442 980 3495 vm,
1001 3436 1046 3494 12,
1076 3434 1107 3482 1³
1135 3426 1302 3480 tabernaculo
1325 3428 1444 3492 acacii,

192 3489 352 3561 Egomalim
369 3497 468 3549 delecta
485 3513 574 3550 mana.
604 3495 658 3550 Sed
672 3496 731 3550 libri
740 3497 802 3550 msti
831 3507 1052 3567 percontatusque
1070 3497 1136 3567 quid
1151 3497 1192 3548 rei
1209 3496 1245 3548 sie
1262 3495 1445 3561 -coynoscia

193 3575 254 3614 cum
276 3560 342 3614 nibil
359 3570 477 3632 mutent¹
504 3579 547 3618 res
573 3564 654 3618 dubia
676 3565 802 3619 manebit.
837 3565 879 3620 Os.
898 3565 932 3618 cd
950 3579 1015 3632 vm,
1037 3571 1078 3630 tc,
1096 3569 1138 3618 2⁷.

195 3627 384 3696 (Coniecturae
407 3647 482 3685 meae
499 3632 623 3704 opposuit
639 3632 802 3700 Mtitzelliua
871 3637 895 3702 5.
921 3639 962 3688 1³.
999 3633 1074 3686 odiri
1099 3663 1133 3674 -
1191 3634 1288 3704 terant]
1328 3633 1374 3689 Sic
1400 3633 1444 3686 rel

194 3695 267 3776 quod
284 3699 429 3752 scctmtlum
438 3699 580 3754 Arrianum
589 3715 634 3769 m,
653 3701 800 3772 astopiae,
835 3700 895 3754 sine
913 3701 986 3756 libris
1004 3710 1149 3755 cratcmcn
1168 3701 1275 3766 andum,
1295 3720 1356 3757 nsm
1373 3702 1444 3774 regis

196 3767 353 3847 quibuscum
361 3767 588 3850 Alex-auderem
604 3769 802 3851 eaqeditionem
835 3785 932 3851 nomeu
959 3770 1004 3825 lon
1064 3777 1203 3850 remotum.
1232 3767 1327 3850 'Nque
1352 3787 1444 3826 omncs

196 3841 318 3987 atu
336 3839 801 3986 sumta
835 3845 920 3978 aa
940 3837 1255 3978 antias?
1268 3841 1446 3979 teat

195 3990 263 4027 τους
279 3989 311 4024 τε
328 3979 507 4029 sumto-rae
530 3981 577 4026 καὶ
599 3975 666 4032 τοὺς
683 3975 804 4036 τοξότας
834 3985 949 4046 poterut

197 4045 245 4091 καὶ
266 4039 336 4096 τούς
360 4039 505 4115 Ἀγριᾶνας
541 4047 588 4094 καὶ
617 4043 672 4109 τὴν
694 4050 803 4098 Κοίνου
872 4049 897 4111 s.
917 4049 958 4098 14.
981 4047 1014 4098 dc
1031 4045 1166 4098 industria
1183 4045 1245 4098 msti
1263 4060 1362 4111 omncs,
1379 4044 1443 4098 editi

197 4113 245 4160 καὶ
264 4105 413 4177 Ἀμύντου
431 4109 515 4171 τάξιν
534 4115 581 4162 nat
601 4117 662 4164 τῶν
682 4113 804 4186 ἑταίρων
886 4120 945 4167 eber
962 4113 1036 4168 Mod.
1061 4130 1093 4166 ex
1115 4115 1256 4166 industria.
1293 4113 1444 4184 Utrumque

199 4171 312 4229 ἱππίων
325 4175 518 4260 rebellaturus
528 4179 650 4236 καὶτοὺς
661 4179 802 4234 ἱππακον-
878 4181 962 4236 tinum
980 4198 1046 4248 esse,
1064 4187 1153 4234 utrum
1173 4180 1295 4234 ucetiam
1305 4180 1445 4236 Liuianum

197 4245 316 4325 rrqroie).
338 4244 400 4318 Ipse
413 4247 496 4318 igitur
505 4250 595 4301 valido
604 4267 684 4302 manu
693 4249 804 4304 coniecit
838 4267 895 4304 csse
922 4259 1042 4317 constat,
1070 4249 1117 4302 scd
1147 4197 1179 4302 cie
1207 4251 1340 4303 industria
1362 4259 1391 4304 st
1417 4249 1445 4303 in

198 4313 435 4370 scribendtmresss.
453 4314 805 4387 Nondisplicetconiectura
836 4319 988 4374 universum
1006 4316 1170 4389 frequentius
1188 4327 1216 4372 ct
1232 4319 1303 4390 apud
1323 4318 1445 4373 Curtium

200 4397 361 4453 quamquam
387 4383 448 4438 illae
466 4385 571 4454 copiae,
591 4403 657 4456 quas
676 4386 804 4440 Arrianus
837 4387 924 4442 solum
942 4388 969 4442 in
988 4405 1037 4442 usu
1055 4393 1104 4440 cst.

199 4459 329 4519 recenset,
340 4467 374 4507 nc
387 4471 482 4508 manua
492 4453 600 4525 quidem
612 4454 664 4508 dici
672 4459 802 4526 possunt).
874 4459 897 4526 ᾗ.
918 4462 958 4510 15.
994 4457 1089 4511 occulti
1116 4473 1249 4509 rariorum
1276 4457 1342 4509 velut
1360 4455 1447 4524 laquei

285 3013 315 3068 .l.
324 3015 802 3098 hocepitbctonvideturqproesertim
831 3019 910 3098 qigmt
921 3017 998 3084 editi,
1009 3017 1056 3071 scd
1065 3015 1158 3088 scripti
1176 3016 1229 3070 mci
1238 3014 1345 3096 quidem
1352 3029 1445 3069 omncs
