3336 5066
554 349 605 400 nn
632 346 895 404 onsrrssm.
920 351 972 420 vr,
998 349 1059 398 rs·
1313 286 1410 400 '257
1448 301 1450 304 ⁵

171 532 243 620 leti,
270 529 327 600 cui
354 525 572 604 llrcomacbo
599 531 678 608 erat
703 557 850 623 nomen,
885 555 1007 604 amore
1032 531 1217 628 flagrabat,
1244 531 1414 630 obsequio

135 641 233 712 suni
259 638 327 710 sibi
353 635 466 712 dediti
492 645 653 740 corporis
678 646 830 717 vinctus.
870 641 916 732 ls,
947 641 1044 741 quod
1070 667 1118 716 ex
1144 642 1246 714 vultu
1273 667 1414 740 quoque

171 749 325 846 perspici
351 759 506 847 poterat,
520 752 644 827 similis
658 753 823 843 attonito,
837 754 984 828 remotis
1011 754 1152 827 arbitris
1178 777 1260 826 cum
1286 752 1415 824 iuvene

172 858 321 931 secessit
346 859 383 932 in
410 864 595 960 templum,
620 887 754 936 arcana
779 887 819 936 se
845 875 883 937 et
907 863 1046 938 silenda
1071 865 1198 936 afferre
1224 863 1416 960 praefatus,

138 989 463 1068 ssuspensumque
498 974 750 1070 expectatione
784 999 850 1071 per
884 985 1047 1048 mutuam
1081 975 1265 1048 caritatem
1298 983 1335 1046 ct
1365 971 1415 1068 pi-

172 1105 288 1178 gnora
313 1083 502 1181 utriusque
527 1082 636 1154 animi
662 1093 782 1183 rogat,
808 1095 851 1159 ut
876 1087 1030 1159 affirmet
1055 1085 1298 1174 iureiurando,
1325 1106 1417 1179 quae

138 1191 427 1285 ⁵commisisset,
462 1194 603 1268 silentio
637 1219 717 1268 esse
751 1205 940 1269 tectorum.
992 1193 1041 1268 Et
1075 1195 1133 1268 ille
1164 1206 1281 1285 ratus,
1315 1192 1413 1282 nihil,

174 1303 271 1398 quod
305 1305 416 1380 etiam
449 1328 532 1377 cum
566 1306 723 1401 periurio
755 1304 997 1403 detegendum
1029 1307 1136 1396 soret,
1169 1304 1416 1394 indicaturum,

138 1432 239 1512 oper
263 1424 473 1514 praesentes
500 1413 587 1488 deos
613 1416 718 1488 iurat.
762 1413 855 1488 Tum
880 1415 1033 1491 Dimnus
1059 1417 1182 1516 aperis,
1209 1416 1246 1486 in
1272 1416 1419 1488 tertium

174 1522 270 1598 diem
300 1525 377 1622 regi
411 1524 558 1598 insidias
585 1535 827 1625 comparatas,
861 1551 971 1624 seque
997 1529 1072 1602 eius
1105 1526 1239 1601 consilii
1264 1527 1417 1600 fortibus

141 1651 155 1697 ²
176 1635 260 1706 viris
287 1643 325 1708 et
350 1635 549 1716 illustribus
575 1660 656 1708 esse
681 1637 901 1735 participem
947 1636 1084 1727 Quibus
1110 1637 1248 1710 iuvenis
1275 1635 1417 1726 auditis,

141 1759 215 1814 sse
241 1767 328 1816 vero
355 1744 464 1819 fidem
490 1747 528 1818 in
553 1745 744 1843 parricidio
757 1745 913 1822 ‘dedisse
945 1759 1152 1824 constanter
1177 1747 1318 1838 abnuit,
1351 1771 1419 1820 nec

176 1853 250 1926 ulla
273 1856 463 1955 religione,
498 1867 540 1930 ut
565 1858 683 1932 scelus
709 1868 826 1956 tegat,
860 1883 967 1958 posse
1000 1859 1204 1956 constringi.
1256 1856 1419 1947 Dinmus,

175 1975 214 2038 et
238 1989 361 2042 amore
388 1976 426 2040 et
449 1977 551 2040 metu
576 1993 720 2061 amens,
754 1967 944 2043 dexteram
969 1971 1103 2045 exoleti
1129 1969 1354 2066 complexus,
1381 1977 1420 2040 et

173 2075 380 2169 lacrimans,
420 2103 525 2152 orare
559 2080 730 2177 primum,
764 2088 807 2153 ut
840 2081 1019 2180 particeps
1063 2079 1197 2155 consilii
1232 2079 1420 2178 operisque

141 2186 296 2260 sfieret:
322 2189 354 2261 si
379 2186 427 2274 id¹
442 2190 620 2265 sustinere
645 2215 721 2264 non
746 2203 885 2288 posset,
917 2203 1077 2266 attamen
1102 2219 1149 2268 ne
1173 2190 1344 2290 proderet
1368 2213 1419 2278 se,

176 2297 277 2372 cuius
312 2324 399 2397 erga
432 2300 549 2398 ipsum
587 2301 852 2376 benivolentiae
890 2314 1034 2399 praeter
1070 2306 1139 2378 alia
1173 2303 1241 2375 hoc
1279 2323 1420 2398 quoque

175 2407 327 2482 baberet
360 2411 594 2485 fortissimum
628 2412 773 2511 pignus,
808 2410 907 2509 quod
933 2423 1042 2510 caput
1073 2439 1177 2488 suum
1203 2409 1421 2510 permisisset

125 2536 159 2585 10
176 2517 260 2590 fidei
286 2518 404 2594 adhuc
430 2521 649 2621 inexpertae.
702 2520 762 2595 Ad
789 2524 952 2612 ultimum
979 2525 1138 2598 aversari
1162 2524 1276 2597 scelus
1303 2546 1420 2621 perse·

177 2640 364 2704 verentem
389 2633 515 2706 mortis
541 2645 641 2708 metu
668 2643 799 2708 terret:
825 2635 872 2706 ab
899 2635 959 2710 illo
986 2636 1102 2733 capite
1127 2634 1329 2708 coniuratos
1343 2633 1419 2730 pul·

126 2759 158 2806 11
179 2740 394 2836 cherrimum
428 2743 566 2818 facinus
601 2745 843 2818 inchoaturos.
896 2745 997 2820 Alias
1024 2743 1151 2819 deinde
1178 2745 1420 2818 effeminatum

179 2863 217 2926 et
246 2852 469 2928 muliebriter
503 2854 683 2948 timidum,
722 2855 810 2929 alias
849 2855 1070 2954 proditorem
1102 2855 1270 2930 amatoris
1303 2853 1422 2953 appel·

178 2964 275 3055 lans,
307 2989 405 3038 nunc
439 2967 599 3065 ingentia
624 2966 855 3067 promittens,
887 2967 1138 3064 interdumque
1161 2991 1311 3064 regnum
1337 2991 1422 3064 quo·

181 3099 268 3172 que,
302 3074 475 3148 versabat
509 3078 668 3150 animum
694 3087 797 3150 tanto
828 3077 985 3150 facinore
1011 3077 1136 3176 procul
1162 3077 1422 3149 abhorrentem.

129 3206 161 3253 12
182 3182 355 3260 Strictum
380 3185 511 3260 deinde
536 3187 697 3285 gladium
722 3187 831 3260 modo
857 3188 967 3280 illius,
1003 3188 1110 3262 modo
1136 3214 1201 3262 suo
1227 3186 1423 3261 admovens

181 3296 318 3395 iugulo,
345 3298 502 3396 supplex
526 3296 623 3372 idem
649 3307 687 3372 et
712 3297 862 3371 infestus
889 3300 1068 3399 expressit
1093 3299 1256 3389 tandem,
1283 3310 1424 3372 utnon

130 3426 162 3475 rs
182 3407 297 3481 solum
332 3408 528 3501 silentium,
563 3409 628 3484 sed
660 3409 769 3483 etiam
802 3434 950 3507 operam
975 3411 1209 3509 polliceretur.
1261 3409 1424 3508 Namque

108 3621 112 3628 ’
217 3627 317 3680 rinctus
347 3625 439 3680 soriti
470 3627 578 3698 quidem
606 3643 712 3694 omnes,
743 3625 790 3679 sed
877 3635 943 3682 .1l.
967 3629 1146 3699 tuendamque
1162 3647 1234 3699 repo.
1252 3631 1361 3700 qaoque]
1379 3627 1425 3684 Sic

183 3693 248 3747 editi
269 3702 375 3765 praeter
399 3643 474 3748 bod.
498 3698 598 3776 matur..
624 3695 696 3749 Illud
713 3696 789 3776 uqiqe
829 3765 835 3777 ι
906 3698 978 3762 ‚sed
995 3716 1048 3752 non
1065 3707 1131 3769 puto
1145 3713 1234 3751 verum
1247 3715 1426 3751 amanunc—

183 3779 370 3910 iillllmffl
388 3765 665 3887 metiti?
681 3781 789 3904 :tet
824 3767 1426 3890 {tzittttlltndtttttm

184 3905 315 3970 petrrrtate
331 3899 435 3954 mnus.
823 3918 923 3972 qaoque
940 3921 1058 3973 repom,
1075 3911 1155 3974 atque
1173 3903 1210 3956 sic
1226 3902 1310 3956 edidit
1324 3901 1425 3969 Iunius,

218 3971 243 4037 ς.
260 3974 285 4022 t.
319 3969 378 4038 reqa'
403 3969 518 4022 insidiae
544 3980 725 4038 comparatae,
746 3987 789 4023 or·
822 3971 869 4022 sed
886 3971 970 4026 multo
987 3971 1078 4026 melius
1094 3974 1222 4026 tundam
1238 3987 1346 4042 reputem
1363 3987 1427 4041 qao·

185 4035 246 4089 dine
262 4037 403 4090 verborum
421 4045 524 4090 mutato
541 4054 632 4092 omnes
649 4037 710 4093 libri
727 4055 788 4091 mss.
827 4056 883 4108 que.
1375 4105 1382 4118 ‚

188 4103 260 4158 mitt
276 4107 328 4158 iar.
345 4107 404 4175 regi
420 4113 595 4174 comparatas.
862 4110 885 4175 §.
897 4113 938 4160 12.
958 4109 1084 4176 expressit
1097 4111 1199 4162 landem
1216 4109 1254 4175 ul]
1272 4105 1427 4162 SicFrerns·

237 4214 244 4226 .
262 4178 286 4227 8a
303 4175 436 4227 daleam
454 4175 559 4297 exoletffl
576 4173 646 4228 Edd.
664 4177 794 4241 desirata,
828 4175 950 4229 herniam
967 4186 995 4228 ct
1012 4184 1093 4228 recte.
1128 4177 1196 4230 Edd.
1214 4184 1281 4229 vett.
1299 4177 1427 4246 expressit
1552 4219 1555 4226 ,

250 4257 330 4312 pareo
347 4259 466 4296 meorum
484 4243 534 4296 ood
578 4243 724 4296 consensui.
829 4254 857 4297 at
875 4247 978 4297 tandem
999 4245 1141 4298 woradum
1163 4243 1238 4299 codd.
1260 4243 1332 4299 Flor.
1352 4244 1427 4298 CDE

222 4312 414 4377 §.Idmonis
431 4314 510 4379 metu]
528 4311 626 4365 Adbuc
639 4311 703 4366 editi
717 4328 795 4384 prae-
829 4311 921 4366 FGHI
947 4313 1027 4366 Bcrn.
1050 4313 1083 4379 Β,
1115 4313 1167 4368 noli
1198 4312 1320 4367 dubitare
1346 4312 1428 4366 etiarn

187 4385 231 4432 ter
251 4379 406 4433 Medianum
432 4389 499 4434 mua
526 4383 631 4446 mortis,
661 4381 708 4434 sed
728 4379 795 4434 illud
829 4380 887 4436 Pal.
910 4389 921 4434 1
943 4381 1018 4435 Voss.
1040 4389 1055 4436 2
1081 4385 1251 4454 (quamquam
1274 4399 1326 4436 non
1353 4388 1428 4454 patet

187 4445 289 4502 rodim
306 4447 382 4502 Leid.
390 4448 468 4504 Voss.
479 4457 491 4503 1
502 4449 794 4504 nemorosam.
829 4451 901 4521 apud
918 4449 1014 4519 Surb.)

1191 4542 1221 4588 17
