3324 5054
184 311 258 381 ‘106
656 317 690 380 Q.
718 315 841 368 CURTM
864 317 951 368 nunt

183 507 250 582 sibi
282 501 410 574 divinis
443 500 639 574 honoribus
672 501 810 576 colendi
841 527 946 577 suum
980 502 1129 600 regem?
1176 500 1258 576 Hoo
1283 523 1423 599 quoque

183 623 371 711 acceptum
396 612 473 684 fore
498 610 576 685 Iovi
602 623 704 686 vates
729 613 933 709 respondet.
973 612 1073 685 Vera
1099 629 1137 684 et
1162 614 1297 685 salubri
1322 613 1424 685 aesti-
1442 630 1476 677 aa

182 726 341 798 matione
366 721 455 796 fides
482 723 615 796 oraculi
641 747 736 793 vana
761 722 920 815 profecto
947 721 980 792 ei
1006 719 1122 792 videri
1140 722 1334 816 potuisset:
1361 720 1426 794 sed

181 837 339 924 fortuna,
366 857 454 930 quos
480 833 542 905 uni
568 831 635 903 sibi
660 829 805 901 credere
831 830 965 926 coegit,
992 853 1125 927 magna
1151 854 1199 902 ex
1225 841 1327 927 parte
1353 832 1426 902 avi.

184 947 250 1021 dos
277 946 411 1045 gloriae
437 943 568 1036 magis,
604 961 710 1032 quam
737 961 884 1033 capaces
910 939 1003 1010 facit
1058 938 1153 1013 lovis
1180 941 1289 1038 igitur
1315 941 1425 1010 filium
1444 959 1478 1006 so

183 1083 223 1132 se
249 1083 322 1130 non
349 1054 465 1126 solum
490 1048 661 1144 appellari
686 1071 811 1144 passus
838 1058 904 1138 est,
930 1048 995 1121 sed
1022 1050 1131 1122 etiam
1157 1051 1269 1141 iussit,
1292 1075 1425 1124 rerum·

182 1192 252 1264 que
281 1170 470 1260 vgestarum
503 1158 654 1247 famam,
689 1157 775 1230 dum
809 1183 940 1256 augere
975 1159 1056 1231 vult
1087 1161 1151 1232 tali
1176 1163 1426 1257 appellatione,

71 1303 73 1309 ⁴
182 1272 352 1368 eorrupit
405 1265 453 1339 Et
478 1263 704 1358 Macedones,
730 1271 863 1343 assueti
889 1269 1034 1367 quidem
1059 1271 1159 1370 regio
1186 1271 1345 1366 imperio,
1359 1270 1425 1342 sed
1441 1289 1474 1337 st

182 1386 221 1456 in
247 1381 380 1454 maiore
406 1378 581 1452 libertatis
607 1381 744 1470 umbra,
771 1405 879 1475 quam
904 1393 1046 1455 ceterae
1072 1393 1218 1480 gentes,
1245 1381 1425 1452 immorta-

182 1495 321 1566 litatem
346 1489 574 1564 affectantem
601 1490 853 1579 contumacius,
871 1515 979 1587 quam
996 1503 1061 1565 aut
1085 1494 1173 1591 ipsis
1200 1489 1426 1590 expediebat,

184 1615 249 1678 aut
279 1601 371 1700 regi,
403 1601 558 1672 aversati
593 1611 687 1672 sunt
745 1597 817 1672 Sed
847 1600 937 1673 haec
972 1625 1038 1674 suo
1071 1625 1235 1698 quaeque
1270 1600 1424 1699 tempori
1443 1618 1477 1667 sa

183 1721 433 1789 reserventur:
459 1733 554 1780 nuno
579 1719 699 1780 cetera
725 1709 853 1803 exequi
878 1733 1037 1806 pergam.

133 1827 182 1899 33
287 1815 512 1907 Alexander,
545 1818 590 1891 ab
623 1815 822 1891 Hammone
856 1818 1014 1909 rediens,
1049 1829 1092 1893 ut
1117 1818 1297 1894 Mareotin
1328 1819 1499 1916 palu-vnn

219 1969 322 2024 colendi
337 1965 528 2047 saamfepem]
549 1965 598 2019 Sui
611 1965 785 2045 repentliern.
816 1968 976 2088 patuissent..
1011 1967 1109 2048 Itpque
1132 1966 1170 2048 sio
1195 1967 1258 2047 olim
1284 1967 1426 2033 ediderm,

183 2041 211 2094 A
227 2039 300 2092 Flor.
314 2035 364 2089 ΔΒ
382 2033 467 2099 laid,
485 2035 608 2088 mendose
626 2043 657 2086 ut
674 2035 787 2088 videtur.
840 2037 934 2090 benten
955 2053 977 2088 st
1000 2037 1065 2108 qaid
1086 2035 1180 2089 malias
1201 2043 1338 2088 tarantum
1358 2043 1429 2088 esset

218 2117 290 2160 nates
308 2103 457 2173 respondet]
477 2101 521 2155 Vn
582 2105 725 2184 respondit,
741 2102 787 2155 sed
822 2112 1002 2184 sompnii-us..
1018 2108 1109 2184 Atque
1127 2103 1221 2186 neseio
1232 2102 1376 2184 enlmelius
1393 2102 1429 2155 sit

183 2173 297 2296 its?
315 2172 492 2309 :tntu
537 2185 635 2317 ,titt
655 2177 788 2318 ffi
822 2171 1430 2322 Mtiiffffiffiliffffiffi

184 2311 265 2432 ἐξὲξ,
281 2305 478 2444 (quqllqrffllill)
495 2305 789 2442 affieffiffffrffi
822 2307 882 2406 lena
898 2307 1044 2361 remedium
1062 2310 1177 2362 videtur.
1401 2411 1407 2422 θ

183 2464 242 2516 9⁰m
259 2445 347 2524 divim
365 2445 460 2494 '‘⁰¹²⁰'‘
477 2444 597 2522 cilfm‘t
615 2459 683 2512 ΨΜ
699 2443 789 2509 'erm’
822 2411 1037 2547 legdoborgdrnm
1054 2425 1163 2532 siuygd
1175 2410 1431 2531 ”Mite—SbeMd'dM

185 2532 246 2568 cum
263 2510 329 2566 nihil
345 2511 458 2564 dooeant
475 2527 524 2563 nist
542 2510 612 2580 quod
630 2509 710 2580 paulo
727 2519 790 2564 ante
1032 2497 1053 2548 Ρ
1080 2519 1088 2546 ’

184 2577 789 2704 nisiinter-tnesis
822 2554 1432 2668 Malli&

823 2681 886 2734 item
909 2682 1017 2736 Medius
1052 2691 1082 2736 et
1107 2682 1266 2737 confirment
1292 2698 1307 2733 e
1334 2682 1431 2734 nostris

186 2735 267 2852 ππ
280 2714 381 2837 ππ
611 2712 789 2902 eps
823 2749 1034 2870 ppo
1356 2765 1433 2828 s-

186 2853 282 2906 indes
297 2867 362 2904 roae
379 2859 511 2919 acceptum
529 2849 639 2916 desuntf,
685 2868 716 2903 oe
732 2850 790 2920 qui·
970 2817 1172 2872 ⁰⁸³'1'P⁸¹’¹²m
1186 2817 1433 2872 muntesmo'

187 2923 248 2974 dem
266 2919 417 2988 mendose),
440 2917 531 2971 addita
547 2933 604 2970 esse
622 2918 655 2970 ab
673 2917 791 2988 interpo-

96 3017 98 3020 ·
187 2989 272 3044 litora
300 2986 492 3041 ‘maensionem
531 2985 625 3040 borum
665 2985 791 3039 librorum

186 3065 286 3128 agente
303 3055 408 3109 abunde
425 3061 508 3125 patet
545 3053 671 3108 Cetensm
689 3053 715 3106 in
734 3055 791 3133 qui-

187 3128 237 3181 bus
255 3124 328 3178 libris
345 3124 426 3175 verba
442 3121 489 3175 ills
505 3123 610 3188 adsunt,
629 3139 682 3175 non
696 3121 792 3192 legitur

825 2886 903 2938 dorus
917 2903 945 2938 sa
958 2885 1043 2956 ipsum
1057 2903 1164 2958 quoque
1177 2895 1346 2956 recepturum
1355 2885 1434 2939 fuisse

825 2953 898 3020 dicit,
917 2953 942 3006 ni
958 2971 1082 3024 praesens
1094 2958 1146 3008 anit
1156 2953 1355 3026 praecessisset:
1372 2971 1435 3008 oon-

825 3029 880 3074 stat
902 3021 973 3074 enim
996 3021 1167 3104 elegantioris
1189 3023 1240 3076 hoc
1257 3035 1316 3075 esse
1332 3021 1436 3075 latini-

827 3089 903 3156 tatis,
930 3097 962 3142 ut
985 3090 1116 3160 pamicula
1138 3094 1200 3144 dam
1218 3107 1277 3144 eum
1295 3099 1437 3162 praesente

826 3157 907 3209 etiam
935 3155 1008 3212 inter
1033 3167 1123 3211 cetera
1146 3167 1271 3229 tempora
1292 3155 1439 3238 prseterits

187 3202 278 3248 tamen
296 3194 417 3245 victorem
434 3191 481 3243 sed
498 3193 615 3243 victores.
826 3225 1009 3294 mniungmn
1034 3227 1103 3278 vide
1116 3226 1138 3279 ,1
1153 3245 1219 3297 opu,
1233 3227 1312 3279 faeni
1325 3243 1437 3296 gramm,

189 3258 793 3397 sigini?difflui-iiiiii
829 3293 1438 3432 ”sssa*t,tetensteten

190 3400 248 3452 bus.
279 3373 324 3449 ”Se
344 3402 444 3448 uantur
473 3395 554 3448 haee:
580 3395 665 3462 fidem
693 3395 794 3446 oraosti
829 3429 848 3480 I
898 3429 923 3480 d.
957 3429 964 3440 .

190 3481 260 3518 vana
274 3413 391 3534 proiecta
409 3480 535 3531 responsa
553 3464 579 3515 si
595 3463 680 3515 videri
692 3464 794 3531 potuis·
846 3447 863 3480 '⁸
882 3447 897 3481 ¹¹
917 3445 965 3482 ¹⁶⁰¹

190 3542 262 3599 sent,
307 3547 356 3584 use
378 3549 438 3584 oum
460 3548 514 3583 non
531 3535 626 3583 cadant
642 3547 702 3583 eum
719 3545 795 3600 prae-

192 3551 355 3662 cedentibus,
374 3599 465 3652 lunius
482 3598 582 3669 primus
600 3597 683 3650 edidit
700 3613 758 3650 vere
771 3607 795 3649 et

190 3669 334 3722 salubriter
351 3669 510 3733 aestimanti,
528 3666 610 3720 wanti
630 3681 662 3718 ue
680 3673 741 3718 sunt
753 3681 794 3718 re-

192 3735 273 3808 liqui,
297 3735 378 3788 etiam
396 3734 501 3787 Modius
518 3733 563 3804 qui
631 3732 797 3787 colonien-
866 3732 931 3804 cap.
950 3739 994 3800 ³3,
1014 3737 1038 3802 5.
1059 3743 1081 3789 1.
1117 3745 1145 3788 ut
1164 3736 1299 3788 Mareotin
1315 3736 1442 3805 paludem

191 3821 248 3858 sem
275 3802 362 3856 nescio
391 3819 470 3872 quam
502 3818 565 3855 vere
591 3802 674 3855 tradit
701 3802 797 3854 habere
831 3831 866 3842 -
882 3803 963 3872 venit]
1001 3801 1077 3866 Quae
1099 3805 1181 3856 verba
1202 3803 1231 3856 in
1256 3803 1316 3855 edd.
1336 3811 1443 3873 praeter

193 3889 255 3926 vera
274 3882 297 3923 et
315 3872 434 3924 salubria
452 3872 609 3924 aestimanti.
627 3869 659 3922 In
673 3869 796 3922 extremis
832 3869 985 3922 Modianam
1011 3871 1133 3925 omnibus
1157 3871 1199 3924 hie
1225 3871 1362 3923 adduntur
1378 3881 1407 3923 at
1424 3889 1442 3924 a

193 3940 302 4010 quidem
332 3937 487 4010 particulam
520 3941 546 3991 si
575 3941 679 4002 omna',
718 3937 797 3990 etiam
832 3940 917 3990 mari
938 3939 982 3990 ad
998 3939 1089 4006 Mara,
1117 3957 1171 3992 non
1197 3939 1306 3991 inventa
1328 3949 1391 3991 sunt
1415 3939 1444 3992 in

193 4007 279 4079 prinei
342 4006 465 4072 editores,
483 4005 635 4060 omiserunt.
654 4005 725 4071 Quin
741 4022 800 4058 eor-
833 4006 907 4059 codd.
926 4005 1024 4060 nostris
1043 4025 1091 4060 nec
1109 4006 1137 4060 in
1155 4005 1445 4076 snakenburgianis‚a

192 4077 269 4146 rigon
290 4093 333 4128 um
356 4075 391 4129 sit
409 4073 510 4154 aliquid
527 4073 635 4127 dubium
652 4073 734 4127 videri
753 4089 798 4126 ne-
834 4073 928 4144 quibas
946 4083 1035 4127 tamen
1054 4075 1142 4128 neseio
1159 4073 1311 4146 qdamvere
1325 4074 1445 4127 etiarnat

193 4145 261 4216 quit.
288 4145 378 4214 Atque
400 4143 463 4195 miln
480 4141 586 4213 quidem
604 4159 655 4195 vox
672 4159 798 4220 responsa
834 4145 925 4194 abesse
943 4151 1062 4195 notatur.
1081 4143 1140 4196 Neo
1149 4161 1212 4196 sane
1221 4143 1362 4213 quisquam
1372 4144 1444 4196 istud

194 4231 212 4266 a
229 4211 341 4266 librariis
358 4210 584 4280 interpretationis
602 4227 680 4263 eausa
693 4210 798 4261 videba-
834 4211 1043 4262 additamentum
1059 4229 1076 4263 a
1090 4213 1161 4263 mari
1174 4212 1372 4264 desideraverit.
1390 4211 1445 4263 Sed

195 4290 241 4333 tur
258 4279 348 4332 addita
366 4295 436 4342 esse,
462 4294 515 4347 qua
534 4277 621 4331 eiecta
640 4277 721 4330 facilis
738 4277 799 4329 reli-
833 4277 970 4347 quaeritur
992 4295 1056 4331 num
1075 4279 1156 4331 etiam
1180 4280 1342 4350 praepositio
1361 4279 1445 4348 possit

217 4365 309 4400 uotum
329 4345 479 4398 emendatio
504 4353 587 4411 esset,
600 4347 688 4412 fides,
712 4353 740 4396 et
766 4347 798 4410 ei,
834 4346 934 4410 omitti;
956 4350 1099 4415 potitamm
1121 4348 1192 4400 enim
1219 4348 1261 4400 bic
1283 4365 1338 4399 mos
1356 4347 1445 4416 potius

196 4366 312 4484 donique
329 4417 473 4484 potuisset,
505 4430 554 4484 pro
570 4415 655 4480 fidem
673 4443 708 4452 —
724 4413 749 4464 si
765 4418 801 4452 -'-
835 4429 914 4483 quam
931 4413 1078 4484 castigatae
1101 4415 1228 4468 orationis
1250 4414 1384 4484 proseriae
1406 4415 1446 4468 vi-

989 3438 1050 3499 post
1068 3429 1189 3483 Modiam
1211 3445 1246 3482 ex
1265 3429 1347 3482 Snak.
1366 3429 1439 3482 libn's

828 3503 857 3549 et
875 3496 945 3550 Flos.
964 3498 1086 3550 omnibus
1097 3507 1204 3568 praeter
1215 3497 1246 3551 C.
1265 3497 1441 3551 Beruensium

828 3563 852 3617 B
863 3565 900 3630 in,
911 3567 938 3618 A
947 3565 1059 3631 omittit,
1074 3567 1121 3618 sed
1130 3566 1187 3620 sine
1195 3564 1277 3620 dubio
1291 3563 1440 3636 insequenti

829 3631 920 3686 littera
938 3633 1073 3704 deceptis.
1109 3633 1180 3686 Vide
1197 3633 1231 3686 sd
1249 3648 1297 3702 111,
1317 3641 1360 3700 at,
1381 3641 1405 3686 7.
