3260 5042
462 352 513 404 22
539 353 667 406 enarre
694 355 816 406 anax..
830 355 916 408 ane.
943 357 1041 408 22222
1067 357 1115 408 rv.
1355 336 1402 406 61

155 539 244 584 turres
261 528 415 598 incendunt,
433 551 500 604 opus
517 549 601 604 paene
618 540 706 586 totum
722 531 840 584 diruunt.
858 536 918 600 (22)
936 532 1042 586 Noram
1058 535 1154 588 molem
1171 535 1274 590 orditur
1285 534 1403 590 Alexan·

154 607 213 670 der,
231 605 439 662 assemsum
458 607 617 696 Cypriorum
633 615 662 659 et
678 605 795 676 ipsorum
810 605 1014 676 Phoenicum,
1006 625 1060 662 ram
1075 609 1195 679 partibus
1212 612 1401 679 aceedmtirsm,

154 645 272 754 telligit,
294 683 390 754 Tyrias
408 700 489 737 naves
506 683 578 736 intra
593 690 701 752 portum
718 682 861 754 compellit.
915 689 976 755 (14)
1002 683 1218 740 122222221222
1236 687 1339 740 moenia
1355 706 1402 759 op-

153 771 324 829 pugnantur,
350 759 447 814 iunctis
465 757 674 829 quadriremibus
690 768 720 815 et
737 760 862 832 pontibus
883 761 1043 831 constratis,
1070 763 1118 817 sed
1143 771 1286 834 tempestas
1312 771 1402 818 tamen

154 835 256 906 Tyrios
272 837 389 890 adiurat.
407 838 468 902 15)
477 833 572 905 Legati
591 835 847 904 Carthaginiensium
864 838 957 892 auxilii
973 856 1047 926 spem
1064 841 1195 906 auserunt,
1214 839 1295 894 nihilo
1312 847 1402 892 tamen

153 913 241 982 magis
259 911 336 981 Tyrii
352 911 505 980 desperant,
523 912 633 966 deorum
649 928 726 982 opem
743 913 926 984 superstitiose
942 913 1111 983 2222222222.
1146 919 1205 982 (12)
1228 916 1306 970 Nova
1321 915 1404 970 etiarn

152 988 279 1042 22221112Ι
271 987 408 1040 imminens
426 987 568 1042 neoessius
584 989 670 1044 docet
703 992 763 1055 (ll)
781 987 876 1042 Plures
893 1005 974 1042 naves
991 990 1114 1044 admovet
1130 991 1291 1057 Alexander,
1309 992 1403 1044 eodem

153 1062 609 1195 21222222
622 1063 1403 1212 armerum

457 1181 465 1208 i
1171 1184 1179 1210 i

151 1216 198 1270 die
215 1223 287 1292 post,
305 1216 406 1289 impetu
422 1216 540 1287 undiquc
555 1217 640 1281 tecto,
666 1215 730 1270 urbs
747 1226 926 1289 expugnatur,
944 1217 1088 1272 victoribus
1104 1220 1269 1274 exacerbatis
1285 1219 1403 1274 2222122-

153 1293 249 1360 tibus,
274 1299 333 1362 (20)
359 1293 474 1365 septimo
491 1307 580 1346 mense
596 1299 736 1364 postquam
758 1294 907 1365 oppugnari
923 1302 1019 1366 coepta
1035 1301 1077 1348 est
1094 1299 1196 1365 (medio
1213 1313 1318 1350 nuncu
1339 1296 1402 1350 Otr.

151 1381 211 1424 ont.
229 1377 290 1438 332,
307 1388 395 1424 merus
413 1370 500 1422 Attico
517 1369 761 1438 Hecormntosoos)

227 1451 285 1515 (21)
302 1447 461 1502 Affomntur
477 1444 578 1500 alterae
594 1445 700 1501 litterae
716 1465 733 1500 a
747 1447 846 1511 Dareo,
864 1445 960 1517 quibus
978 1446 1047 1500 tiliae
1064 1449 1259 1502 matrimonium
1275 1447 1403 1504 etAsiam

151 1525 191 1580 eis
209 1524 301 1594 Halyn
316 1522 473 1576 Alexandro
489 1522 582 1577 offert.
598 1523 742 1594 respondet
758 1522 802 1576 bic
819 1522 931 1576 irridens
947 1525 1061 1578 muneris
1078 1523 1216 1580 vilitatem
1243 1530 1303 1596 (22)
1320 1525 1402 1580 Prae-

151 1602 218 1656 secti
236 1599 429 1671 pomerum
444 1598 629 1654 imtibsuntur.
651 1597 746 1654 Graeci
762 1598 831 1652 ludis
848 1599 966 1654 Isthmiis
983 1601 1136 1656 2112222222
1155 1619 1279 1656 coronam
1295 1619 1402 1656 auream

152 1679 310 1732 deeemunt
354 1683 408 1745 (22.
427 1679 475 1744 24)
509 1675 564 1729 Res
590 1673 698 1728 interim
722 1674 750 1728 in
767 1675 832 1730 Asia
853 1675 954 1730 minore
976 1687 1005 1732 et
1021 1677 1112 1732 insulis
1129 1688 1221 1750 gestae
1236 1686 1402 1732 enarrantur.

153 1754 239 1810 caios
255 1761 412 1824 cumpater,
439 1752 581 1824 capiunmr
595 1750 789 1812 Pharnabazus
802 1753 858 1806 dux
875 1761 904 1806 et
920 1753 1086 1810 Aristonicm
1103 1763 1241 1825 tyranuum
1271 1754 1402 1825 hfitylure

151 1829 281 1886 traditur.
315 1833 375 1899 (25)
392 1829 498 1884 Dareus
514 1828 615 1882 bellurn
631 1838 740 1882 strenue
757 1837 843 1900 parat,
861 1830 945 1885 Besso
962 1831 1163 1886 Bactrianorum
1181 1839 1289 1903 satraps
1314 1847 1402 1886 accer-

150 1907 217 1972 sito,
244 1924 355 1978 quarrnu
372 1922 462 1960 rernm
479 1904 596 1959 omnium
614 1904 721 1975 ignarus
739 1905 894 1960 Alexander
919 1911 980 1974 (22)
1008 1906 1119 1973 Gazam,
1145 1910 1238 1964 urbem
1255 1917 1402 1964 extremam

151 1986 419 2070 Aegyptnmversus,
436 1980 549 2036 obsidet.
567 1979 741 2052 Oppngnsts'o
757 1999 818 2036 cum
835 1999 930 2053 parurn
946 1984 1112 2072 procederet,
1131 2003 1180 2038 rex
1195 2001 1293 2040 corona
1308 1986 1402 2038 urbem

151 2075 251 2132 capere
266 2059 377 2127 statuit,
394 2058 442 2112 sed
459 2059 493 2111 ab
509 2057 668 2112 Aristrando
685 2065 747 2112 vate
763 2058 921 2128 deterritus,
940 2059 1086 2114 meretum
1104 2061 1203 2133 recipit
1239 2064 1298 2129 (27)
1317 2059 1402 2132 Oppi-

151 2135 217 2189 dani
236 2099 388 2206 crumpnui,
404 2151 495 2205 pugna
512 2132 581 2188 facta
597 2133 751 2188 Alexander
766 2135 930 2189 vulneratur.
958 2139 1016 2206 (28)
1035 2136 1156 2192 Tandem
1173 2137 1402 2205 2212222,221)2222

225 2367 286 2432 (22)
310 2361 385 2418 Gaza
401 2361 535 2434 profectus
553 2363 665 2436 septimo
682 2364 725 2418 die
742 2365 776 2420 ud
794 2365 858 2419 fines
880 2366 999 2437 Aegypti
1022 2366 1150 2438 pervenit
1195 2365 1232 2419 Et
1256 2365 1356 2420 incolae
1374 2373 1404 2422 et

151 2439 288 2513 praesidia
303 2439 451 2495 Persica'
427 2457 484 2494 erus
501 2439 562 2494 fidei
578 2457 636 2495 sese
652 2441 821 2512 permittunt.
866 2441 931 2495 Nilo
952 2442 1050 2494 vehens
1067 2441 1194 2496 interiora
1210 2442 1324 2514 regionis
1341 2459 1403 2514 per·

151 2518 267 2586 lustret,
294 2535 409 2590 ermque
430 2518 500 2576 loris
517 2518 673 2572 Hammonis
691 2518 820 2590 templum
836 2518 910 2571 adire
928 2517 1082 2585 statuisset,
1109 2522 1169 2587 (32)
1193 2521 1309 2574 secundo
1326 2537 1404 2574 amne

151 2595 188 2648 sd
204 2593 343 2648 Mareotin
361 2596 499 2650 descendit
515 2603 544 2650 et
560 2611 610 2666 per
627 2593 780 2648 solitudines
799 2594 910 2648 molesto
929 2592 1024 2648 itinere
1042 2597 1141 2663 (medic
1156 2596 1236 2647 tiene
1249 2597 1402 2666 cnuiiucip.

150 2678 202 2726 331
226 2689 244 2723 c
256 2669 333 2740 Otr.)
351 2673 386 2725 ad
402 2673 493 2726 sedem
509 2671 552 2724 dei
569 2677 700 2741 penetrat.
737 2673 796 2738 (21)
813 2670 982 2724 Describitur
998 2685 1030 2722 ea
1046 2669 1120 2740 regio
1137 2678 1166 2722 et
1183 2687 1285 2724 sacrum
1302 2689 1403 2726 nemus.

151 2752 215 2816 (22)
234 2746 477 2802 Alexanderlovis
493 2747 562 2800 lilius
578 2747 614 2802 ab
631 2745 737 2800 oraculo
753 2747 913 2818 appellatur,
931 2755 961 2801 et
969 2745 1058 2800 divino
1068 2748 1166 2800 honore
1180 2747 1231 2801 coli
1248 2765 1277 2802 se
1294 2748 1404 2820 patitur.

151 2827 216 2893 (32)
243 2823 277 2877 ln
294 2825 450 2896 Aegyptum
467 2841 587 2878 reversus
604 2822 792 2877 Alexandriam
815 2822 921 2890 condit,
949 2822 1096 2894 Memphim
1114 2823 1198 2893 petit,
1225 2841 1267 2878 res
1283 2823 1404 2896 Aegypti

152 2919 214 2956 eom
236 2899 302 2954 unit

215 2919 287 3044 ι124)
312 2974 380 3029 lude
396 2975 523 3031 adversm
540 2977 659 3032 Dareum
676 2976 842 3047 proliuscens
868 2977 1021 3046 (incipieus
1037 2993 1096 3030 uere
1113 2979 1179 3030 caui
1196 2979 1265 3044 221)
1286 2978 1321 3032 ob
1347 2975 1404 3032 He-

151 3045 466 3110 cmrismortemdolorc
482 3053 603 3122 afficitur.
621 3051 792 3106 Samarites
784 3071 812 3106 rn
826 3050 905 3120 Syria
921 3051 991 3105 male
1007 3062 1131 3141 parentes
1150 3053 1291 3120 ulciscitur,
1310 3053 1403 3121 (Tyri)

151 3134 187 3186 de
204 3129 349 3202 postulatis
366 3129 497 3184 sociorum
515 3115 678 3184 Graecorum
694 3129 798 3184 statuit.
822 3131 882 3198 (35)
901 3127 1005 3182 Dareus
1021 3129 1109 3202 copias
1126 3129 1263 3199 Babylone
1281 3129 1404 3183 coheetas

151 3206 265 3262 1222222212
281 3223 315 3261 22
331 3205 475 3276 diligenter
492 3215 587 3272 mmet,
614 3210 674 3275 (22)
700 3225 749 3277 per
765 3205 988 3275 Mesopotamiam
1005 3207 1146 3274 profectus,
1175 3205 1251 3277 Tigri
1268 3213 1403 3276 superato,

150 3283 262 3339 Arbelis
280 3282 471 3352 impedimenta
487 3282 621 3354 relinquit,
641 3283 726 3337 locum
744 3291 817 3337 tram
831 3282 932 3352 Lycum
949 3299 1052 3336 arnnem
1069 3301 1154 3354 prope
1171 3283 1283 3336 alterurn
1300 3299 1404 3336 munem

150 3359 307 3414 Bumadnm
324 3361 472 3428 (mnusque
492 3360 672 3429 Gaugamela)
689 3359 789 3430 proelio
806 3358 974 3429 aptissimum
991 3359 1072 3430 legit,
1099 3369 1233 3431 equestres
1250 3359 1339 3430 copias
1357 3359 1404 3412 bo·

151 3437 237 3490 stiram
253 3435 354 3507 agmini
371 3435 471 3489 obiicit.
507 3439 567 3505 (27)
591 3435 745 3489 Alexander
770 3453 830 3490 cum
847 3435 1005 3505 Euphraten
1030 3445 1112 3507 ponte
1138 3437 1282 3491 traiecisset
1304 3438 1403 3503 (merliu

150 3515 288 3581 catate),
314 3511 426 3566 1122222
443 3511 542 3568 Persici
568 3513 703 3584 equitatus
720 3513 856 3584 praelecto
874 3513 975 3582 fugato,
998 3514 1033 3566 ad
1051 3513 1155 3583 Tigrim
1178 3512 1317 3584 pervenit,
1343 3513 1403 3579 (38)

150 3607 269 3661 eumque
287 3589 398 3644 feliciter
414 3590 504 3643 audax
521 3587 624 3644 nemine
641 3588 801 3660 probibente
819 3588 892 3642 vadis
910 3596 1026 3658 superat
1071 3593 1131 3658 (29)
1158 3589 1227 3644 cum
1253 3588 1290 3643 ibi
1307 3587 1405 3642 stativa

152 3669 276 3730 baberet,
303 3667 366 3720 luna
383 3665 506 3720 deficiens
523 3665 625 3720 anunes
641 3665 818 3719 Maoedonum
836 3665 946 3730 terruit,
964 3682 1043 3737 quem
1061 3675 1160 3720 metum
1178 3667 1238 3721 cum
1256 3673 1347 3718 vatum
1364 3663 1405 3717 in·

151 3743 362 3831 terpretationc
357 3744 404 3796 ad
421 3751 536 3831 tempus
544 3751 610 3812 apta
625 3741 799 3808 discussisset,
818 3743 1013 3812 (40)adversus
1022 3743 1139 3797 Dareum
1156 3743 1247 3812 duxit,
1265 3741 1407 3796 Persarum

152 3819 260 3907 equites
286 3819 448 3890 refirgientes
465 3827 494 3872 et
512 3819 582 3874 vices
608 3819 779 3874 incendentes
807 3835 976 3890 persequens.
1012 3823 1071 3887 (41)
1098 3819 1130 3873 ln
1148 3819 1193 3873 illo
1211 3785 1306 3872 itiitere
1323 3815 1406 3870 Darei

152 3896 264 3968 captiva
279 3895 396 3949 coniunx
412 3903 519 3948 mortua
536 3903 587 3960 est,
606 3895 715 3966 lugente
731 3895 894 3951 Alexandro.
930 3899 989 3965 (42)
1007 3895 1159 3966 Spadonurn
1178 3914 1245 3950 unru
1262 3896 1291 3949 id
1306 3895 1406 3948 acrum

152 3973 250 4026 Dareo
263 3970 408 4037 nuntiavit,
436 3989 468 4026 ac
484 3972 646 4042 suspiciones
663 3973 733 4044 regis
750 3973 784 4026 de
802 3972 871 4026 male
888 3973 981 4026 habita
997 3990 1080 4026 uxore
1098 3971 1217 4040 sustulit,
1245 3977 1302 4040 (42)
1322 3987 1406 4042 eaque

153 4049 361 4122 opportunitate
378 4065 441 4102 usus
459 4048 562 4102 Dareus
579 4049 667 4104 denuo
685 4049 787 4120 legatos
806 4050 839 4102 dc
856 4067 923 4120 pace
941 4050 1020 4116 misit,
1040 4060 1124 4102 terras
1143 4067 1224 4120 usque
1242 4049 1275 4102 ud
1285 4049 1407 4120 Euphra·

155 4137 208 4196 ten·
231 4143 282 4195 pro
308 4126 372 4179 dote
398 4125 468 4179 filiae
495 4125 615 4180 offerens.
659 4129 718 4195 (44)
746 4126 886 4180 Consuluit
903 4143 935 4180 ca
953 4128 1033 4180 dere
1051 4126 1202 4179 Alexander
1220 4125 1332 4192 amicos,
1360 4125 1407 4178 sed

153 4201 342 4256 Parmenionis
360 4201 468 4256 consilio
486 4211 596 4274 spreto,
622 4203 692 4258 bello
719 4221 785 4274 opus
812 4220 868 4257 csse
889 4203 1037 4275 respondit.
1081 4208 1140 4272 (45)
1167 4206 1251 4256 Ambo
1276 4201 1407 4256 exereitus

153 4279 266 4349 pxulnm
285 4279 495 4350 progrediuntur
511 4289 541 4334 et
558 4281 662 4334 Dareus
679 4279 735 4334 acie
753 4280 883 4334 instnrctu
900 4282 990 4336 hostes
1008 4289 1142 4350 expectat.
1169 4283 1228 4348 (42)
1246 4279 1407 4333 Macedones

152 4355 260 4408 subitus
277 4373 362 4426 paror
379 4355 495 4423 invadit;
521 4357 615 4411 collem
632 4367 814 4428 opportunum
831 4367 979 4428 occupant,
998 4359 1045 4411 scd
1061 4375 1077 4410 a
1095 4375 1157 4427 rege
1175 4357 1245 4411 intra
1262 4365 1348 4410 casua
1366 4362 1406 4408 te·

153 4441 262 4486 nentur.
298 4437 360 4502 (47)
386 4432 540 4487 Alexander
557 4433 612 4505 ipse
630 4435 725 4489 dubius
742 4436 775 4488 de
793 4443 891 4489 cscntn
917 4451 1023 4506 pugnae
1046 4435 1182 4490 consilium
1204 4433 1330 4500 adhibet,
1357 4450 1406 4486 uo-
