3260 5042
220 325 268 422 38
649 353 651 356 ·
692 341 726 404 o.
754 339 879 394 curru
904 341 989 394 surr
1050 307 1053 312 Δ

218 523 450 624 gnacissimas
493 521 678 598 locaverat
717 533 858 622 gentes.
925 523 1049 622 Ipsum
1092 549 1215 622 regem
1257 527 1294 598 in
1330 522 1497 598 eodem*

219 657 331 706 cornu
357 631 608 707 dimicaturum
633 633 704 706 tria
728 633 826 705 milia
858 629 1079 704 delectarum
1105 635 1281 727 equitum,
1314 645 1462 708 assueta

218 742 377 840 corporis
409 743 587 834 custodia,
621 753 659 815 et
692 739 869 837 pedestris
901 739 994 811 acies
1022 739 1261 835 quadraginta
1284 744 1381 816 milia
1406 769 1460 818 se·

217 854 429 950 quebantur.
481 851 642 950 Hyrcani
676 844 806 920 deinde
837 843 1004 943 Medique
1036 847 1189 942 equites:
1223 847 1278 920 his
1304 853 1497 945 proximis

216 973 414 1037 ceterarum
448 961 625 1058 gentium,
659 957 756 1029 ultra
797 981 859 1030 eoa
899 954 1031 1030 dextra
1069 958 1244 1054 laevaque
1285 957 1458 1056 dispositi

215 1070 298 1146 Hoc
322 1095 462 1167 agmen,
488 1068 581 1139 sicut
605 1064 741 1139 dictum
768 1077 833 1158 eat,
860 1066 1091 1159 instructum,
1116 1093 1184 1142 sex
1209 1069 1306 1141 milia
1330 1069 1459 1142 iacula·

218 1191 338 1256 torum
370 1175 662 1274 funditorumque
697 1174 968 1252 antecedebant
1022 1175 1199 1272 Quicquid
1229 1164 1267 1248 in
1297 1179 1365 1251 illis
1391 1202 1497 1263 auo

217 1287 345 1385 gustiis
380 1284 471 1360 adiri
501 1296 663 1386 poterat,
698 1288 937 1384 impleverant
967 1287 1106 1382 copiae,
1138 1307 1345 1380 cornuaque
1376 1287 1462 1362 hinc

218 1396 265 1470 ab
290 1397 394 1495 iugo,
426 1397 524 1470 illinc
550 1399 688 1472 amari
718 1395 884 1483 stabant,
920 1417 1072 1467 uxorem
1106 1404 1330 1491 matremque
1363 1397 1460 1492 regis

107 1531 111 1544 ·
217 1516 257 1582 et
281 1507 390 1580 alium
415 1494 628 1581 feminarum
653 1527 800 1603 gregem
825 1504 864 1576 in
897 1502 1055 1576 medium
1080 1529 1211 1602 agmen
1237 1513 1458 1602 acceperant.

168 1627 218 1700 24
320 1615 530 1692 Alexander
555 1613 785 1713 phalangem,
818 1637 890 1710 qua
918 1613 1006 1686 nihil
1033 1614 1130 1712 apud
1155 1612 1372 1687 Macedonas
1395 1637 1499 1694 vas

88 1726 92 1737 ‘
217 1726 323 1800 lidius
359 1734 452 1816 erat,
491 1723 529 1796 in
554 1725 673 1797 fronte
705 1723 898 1797 constituit
950 1721 1130 1794 Dextrum
1156 1746 1268 1794 comu
1293 1720 1459 1813 Mcanor,

217 1834 464 1908 Parmenionis
490 1833 594 1922 filius,
620 1831 808 1908 tuebatur:
843 1833 927 1904 huic
952 1831 1108 1929 proximi
1133 1831 1281 1906 stabant
1306 1829 1457 1922 Coenos,

219 1955 266 2018 et·
281 1941 480 2034 Perdiccas,
507 1953 545 2016 et
570 1940 758 2040 Meleager,
785 1951 824 2016 et
848 1939 1087 2030 Ptolemaeus,
1114 1950 1154 2014 et
1176 1939 1376 2039 Amyntas,
1402 1941 1460 2014 sui

220 2053 369 2152 quisque
401 2052 551 2151 agminis
586 2051 705 2126 ducesa
757 2049 801 2125 lu
824 2051 945 2141 laevo,
979 2049 1077 2146 quod
1102 2047 1151 2122 ad
1176 2073 1275 2124 mare
1301 2050 1494 2149 pertine-a

255 2287 279 2354 5.
297 2289 322 2339 4.
355 2286 384 2337 in
401 2285 488 2338 eodem
506 2286 597 2352 cornu]
633 2284 672 2338 At
694 2284 822 2338 Armanas
857 2289 965 2348 extant,
992 2282 1062 2336 Aldo
1080 2289 1190 2336 auctora
1207 2282 1328 2353 plerique
1345 2281 1460 2338 editores

220 2357 280 2424 112⁸,
297 2357 327 2406 at
344 2349 519 2405 Callisthenes
536 2351 608 2422 apud
625 2351 719 2421 Polyb.
728 2358 822 2416 ιιι,ιὸ
857 2351 1016 2405 omiserunt:
1039 2368 1093 2404 non
1110 2355 1199 2418 recte,
1217 2350 1363 2402 difficultas
1380 2349 1459 2418 enim,

221 2435 283 2486 eum
306 2419 335 2473 iu
351 2419 439 2472 madia
456 2418 513 2472 acie
530 2435 602 2472 more
627 2419 716 2488 patrio
743 2419 823 2472 nusae
858 2434 927 2488 quae
952 2417 1027 2471 inest
1046 2418 1074 2471 in
1092 2418 1151 2472 loco
1177 2418 1332 2472 omittendis
1357 2417 1389 2470 iis
1405 2435 1460 2471 non

222 2486 323 2540 dicunt.
358 2486 497 2548 ¹Nimirum
522 2487 568 2540 ubi
594 2485 823 2566 coniungobantur
856 2485 968 2540 tollium
1002 2487 1053 2539 Est
1071 2485 1140 2538 anim
1162 2485 1191 2538 in
1208 2502 1240 2540 ao
1257 2486 1360 2556 posita,
1388 2487 1461 2556 quod

222 2555 347 2608 dextrum
364 2561 393 2607 et
410 2553 545 2607 sinistnrm
571 2569 671 2622 cornu,
698 2572 726 2608 ιιι
754 2571 822 2625 quae
857 2553 1120 2633 aoriptorllyrcanos
1128 2553 1276 2623 Medosque
1289 2553 1384 2606 deinde
1397 2560 1461 2623 post

222 2628 282 2676 tota
299 2620 369 2676 acies
386 2621 560 2675 dividebamur.
857 2622 960 2701 pedites
987 2621 1137 2676 conaudsse
1162 2621 1247 2688 dicit,
1283 2637 1345 2674 curn
1370 2629 1461 2676 tamen

223 2687 824 2811 ,aucmentacione
857 2689 1077 2810 tamt
1093 2689 1462 2809 {affimat

223 2823 287 2878 olim
310 2823 466 2877 collatorum
488 2796 584 2893 optimi
606 2824 733 2895 cuiusque
749 2839 824 2878 sacu-
858 2775 910 2877 hle
934 2797 991 2876 aoid
1016 2823 1191 2877 describenda
1216 2823 1379 2893 singularum
1396 2840 1461 2943 gen-

223 2899 276 2945 tus.
293 2891 405 2944 Aldinus
422 2891 509 2943 editor
528 2891 572 2960 qui
588 2891 689 2970 primus
707 2892 825 2946 dativum
859 2891 926 2944 tium
942 2909 995 2944 non
1013 2891 1141 2945 nominari
1159 2890 1208 2943 nisi
1221 2891 1386 2960 praecipuas,
1418 2901 1461 2944 ta·

102 2975 107 2982 ·
223 2960 358 3014 madae
375 2957 477 3012 invexit
495 2961 569 3025 (nam
586 2976 614 3012 ιιι
630 2959 672 3012 ed.
681 2976 722 3029 pr.
740 2970 825 3014 custe-
861 2975 913 3029 qua
933 2961 975 3012 lia
987 2961 1106 3028 praxinus·
1129 2958 1168 3011 sic
1185 2959 1381 3028 interpretandi
1397 2966 1461 3012 suut

185 3029 191 3038 '
224 3027 272 3081 da'a
288 3025 416 3096 legitur),
434 3027 564 3079 bonorum
581 3025 755 3096 scriptorum,
780 3027 826 3080 ci.
854 3027 935 3096 ,quui
961 3043 1019 3080 oron
1044 3028 1086 3080 lia
1113 3028 1269 3080 coniuncta·
1304 3027 1461 3080 Nominavit

225 3093 327 3147 caronis
346 3094 391 3161 (de
403 3101 472 3146 orat.
483 3107 526 3160 111,
538 3097 583 3164 15)
602 3093 721 3147 Caesaris
740 3100 825 3162 (certe
859 3094 950 3147 statim
968 3094 1106 3162 Hyrcanos
1124 3102 1153 3146 et
1171 3093 1265 3146 Medos
1283 3093 1395 3162 equites,
1415 3093 1462 3172 qui

223 3179 256 3215 aa
315 3163 369 3214 acti
384 3178 479 3230 qaaere
496 3164 608 3229 quodam
625 3179 734 3241 pugnae
759 3161 825 3232 legi·
859 3163 940 3215 robur
965 3173 995 3214 aa
1022 3161 1096 3231 quasi
1123 3177 1220 3240 corpus
1246 3162 1376 3230 equestris
1394 3161 1461 3213 acrei

223 3235 269 3282 tur
304 3229 369 3282 eB.
388 3229 420 3281 C.
437 3243 458 3294 1,
476 3231 529 3298 44)
547 3229 615 3282 Livii
632 3229 758 3299 imprimis
777 3231 823 3297 (cf.
859 3237 955 3294 essent,
973 3229 1068 3282 deinde
1085 3228 1160 3282 addit
1177 3227 1208 3280 ris
1227 3229 1365 3282 adiunctos
1382 3229 1462 3282 fixisse

225 3295 307 3350 Grom
334 3305 363 3349 et
387 3295 472 3349 Dralc
499 3297 534 3348 ad
558 3296 769 3364 Liv.xxx1,85
796 3306 825 3352 et
860 3305 962 3350 ceteros
980 3296 1035 3362 sic,
1062 3305 1093 3349 ut
1111 3314 1127 3348 a
1144 3297 1240 3350 dextro
1257 3295 1385 3367 laevoque
1402 3295 1461 3350 illo-

223 3362 296 3416 Duk.
316 3364 351 3415 ad
367 3377 396 3431 x,
417 3366 466 3429 1⁷)
485 3380 584 3417 morem
605 3363 751 3434 ignoravit,
798 3365 825 3418 ui
859 3382 918 3418 rum
936 3364 1019 3416 latere
1035 3363 1167 3416 steterint.

225 3430 370 3484 ablativum
388 3431 490 3500 pariter
504 3440 586 3501 atque
603 3430 722 3485 dativum
738 3382 825 3486 verbis
895 3435 918 3511 ς.
937 3439 961 3487 t.
1004 3433 1064 3484 binc
1086 3433 1119 3484 ab
1143 3433 1215 3502 iugo]
1259 3433 1302 3484 Ab
1320 3447 1375 3551 cgro
1392 3449 1409 3484 α
1426 3447 1462 3485 ax

223 3515 390 3564 maumam,
413 3501 538 3552 adsuetus
556 3500 709 3570 adiungam.
744 3501 826 3570 Apud
860 3499 934 3552 Lau.
952 3500 1032 3553 Bern.
1050 3500 1077 3551 Α
1094 3498 1165 3552 Flor.
1183 3497 1276 3552 BCG
1303 3499 1374 3552 e'di
1401 3515 1462 3553 cum

224 3573 345 3618 nortuum
371 3565 477 3636 quidem
499 3580 530 3632 x,
550 3573 591 3632 15,
610 3572 626 3621 8
644 3567 717 3620 nulla
734 3566 826 3622 lectio·
860 3567 953 3620 Modio
971 3565 1138 3620 auctoritatis
1157 3565 1283 3620 librorum
1293 3583 1381 3634 causa,
1400 3584 1463 3619 nam

225 3633 265 3685 nis
282 3632 412 3686 varietate
428 3640 471 3685 est
487 3636 569 3702 pueri
586 3635 719 3688 custodiae
736 3652 826 3703 corpo,-
861 3650 968 3688 necessa
991 3653 1044 3688 non
1067 3643 1108 3686 cst
1133 3633 1258 3703 quoniam
1275 3633 1284 3685 i
1301 3633 1403 3687 Latinis
1420 3642 1463 3688 est

224 3701 264 3752 ris
291 3701 348 3753 εἰιιι
373 3702 490 3766 manati,
517 3702 564 3754 sed
580 3716 609 3767 v,
627 3709 704 3768 33,9
728 3703 826 3756 rectim
862 3718 1015 3756 consonans.
1032 3701 1071 3754 Et
1087 3716 1129 3767 tv,
1147 3708 1180 3755 85
1199 3720 1216 3754 a
1235 3703 1295 3770 tayo
1313 3701 1418 3770 legitur.
1497 3737 1503 3748 .

224 3766 280 3821 sine
298 3766 379 3820 dubio
396 3767 494 3836 legitur
512 3771 630 3822 custodia
648 3771 704 3822 eiua
717 3773 826 3837 osacen,
897 3769 937 3822 Ca
957 3809 963 3822 .
981 3776 1024 3835 24,
1044 3771 1067 3836 5.
1087 3777 1110 3821 7.
1146 3771 1308 3838 pbalangem
1326 3786 1377 3838 qua
1396 3770 1463 3822 nait

224 3834 266 3887 uti
286 3847 327 3902 vr,
347 3841 467 3903 temtos
480 3837 595 3889 ulterim
614 3839 722 3905 imperio
739 3847 764 3890 et
780 3855 826 3890 no-
861 3867 897 3878 —
949 3839 1019 3890 idias
1029 3839 1095 3904 erat]
1114 3835 1241 3888 Notabile
1258 3844 1334 3906 puto,
1353 3837 1380 3889 in
1394 3835 1462 3890 Sua-

225 3903 294 3954 mine
319 3911 448 3955 assuetas.
484 3903 569 3956 Miror
594 3903 676 3973 igitur
693 3905 826 3958 Sualrenb.
861 3905 1001 3974 ltenburgii
1024 3902 1096 3957 libris
1113 3904 1231 3975 meisque
1247 3905 1368 3959 omnibus
1385 3919 1463 3974 prae·

227 3969 357 4038 cogitasse
382 3970 416 4021 de
431 3969 623 4039 appositione,
650 3979 682 4024 ut
708 3975 826 4026 custodia
862 3979 905 4028 ter
922 3973 993 4026 Flor.
1012 3970 1062 4026 OG
1080 3988 1136 4026 esre
1154 3989 1212 4040 quo.

226 4036 402 4090 nominativus
421 4053 497 4090 casua
514 4038 564 4104 sit,
591 4039 765 4110 nequeenim
782 4057 826 4093 cu-
897 4051 920 4093 et
938 4041 1111 4108 Ptolemaeus]
1135 4039 1279 4094 Omittitru
1296 4049 1320 4093 et
1338 4039 1365 4094 in
1381 4039 1462 4094 Bern.

225 4105 312 4156 stadia
335 4103 362 4156 in
384 4104 450 4173 sing.
469 4123 577 4160 numero
598 4124 615 4158 a
634 4107 670 4159 ud
696 4107 826 4176 proserius
862 4108 888 4160 Δ
906 4109 977 4162 Flor.
989 4107 1046 4161 BC.

226 4179 348 4223 auctores
366 4189 415 4241 pro
434 4174 585 4228 custodibus
603 4125 709 4227 dicitur.
895 4179 919 4243 ξ.
938 4183 962 4229 8.
999 4178 1027 4227 in
1052 4175 1133 4242 laevo]
1170 4175 1260 4228 Etiam
1284 4175 1462 4229 Macedonum

259 4241 317 4304 §.ta
335 4241 404 4292 ultra
423 4258 466 4292 eos
485 4244 577 4294 dextra
596 4244 719 4310 laeuaque
736 4243 824 4310 diapo-
859 4243 929 4296 acics
948 4243 973 4295 in
992 4244 1114 4294 dextrum
1132 4250 1161 4294 et
1179 4243 1313 4296 sinistrum
1330 4261 1412 4296 cornu
1421 4244 1461 4296 di·

225 4307 294 4428 qthdd
317 4309 493 4428 Xffiquasdqqs
504 4327 594 4430 'eosfie’
615 4325 664 4434 ull
682 4309 712 4389 in
727 4310 823 4388 nostris
858 4311 1028 4432 ffibaffi
1046 4309 1230 4447 dilleage'rce't
1247 4311 1415 4434 Ptolemaeqqq
1432 4317 1461 4364 ot

296 4413 302 4427 .
503 4395 530 4430 ιιι
586 4397 595 4430 ι
661 4394 823 4448 oaaramsque
910 4397 946 4446 yn
1006 4395 1046 4431 sn
1126 4397 1188 4432 snus
1203 4395 1358 4448 ncornusp
1415 4397 1460 4432 um
