3300 5044
251 343 324 414 534
769 349 964 405 urruuorx.

247 545 306 599 mis.
318 541 398 598 Letd.
432 542 603 618 amoenitate]
621 559 680 598 ome
698 541 757 616 (ue)
776 541 898 597 nitudiue
913 537 1033 596 Bemss
1047 537 1126 594 Flos.
1135 537 1239 596 EFHI
1251 539 1341 598 Voss.
1350 541 1381 612 2,
1400 561 1495 597 unim-

247 629 397 684 nitudinem
420 625 499 683 Flor.
519 625 558 682 D.

334 713 360 784 5.
374 713 422 769 10.
440 713 675 789 monstrabantur]
688 691 888 770 monstratum
896 711 984 769 Voss.
995 711 1023 766 2.
1039 710 1220 784 monumenta]
1229 713 1392 766 monimenta
1401 713 1494 769 Ber-n.

250 797 276 854 B
291 797 448 856 Flor.GH.
468 799 603 873 Lyrnessi
613 807 638 854 ct
651 798 752 854 Thebes
763 798 916 873 Typhonis]
931 799 1043 854 Liruesi
1056 796 1162 852 ettebee
1178 795 1307 869 thipantis
1314 795 1404 854 Ber-u.
1416 799 1448 853 A
1464 807 1495 853 et

250 883 327 942 Flor.
343 884 481 954 BDEFI,
500 884 613 938 Lirnesi
629 891 653 937 et
676 882 944 955 t'netestuypomu
962 883 1053 952 Laid„
1073 883 1185 938 Linersi
1200 889 1225 936 et
1248 881 1358 937 Thebes.
1375 885 1495 955 tr'qrona's

250 969 329 1026 Flos.
348 968 384 1040 C,
402 969 516 1025 Lirnesi
532 977 556 1021 et
579 965 711 1021 Thebesti.
727 969 819 1038 pontis
838 966 925 1022 Voss.
946 969 973 1036 1,
991 968 1120 1022 Lernissi
1136 976 1160 1023 et
1177 967 1274 1022 cebesti
1288 969 1381 1040 panus
1400 965 1496 1022 Voss.

252 1056 288 1124 2,
315 1055 471 1128 Lqrucnsi,
498 1051 634 1120 Etbebes,
657 1050 791 1123 cbqsontis
813 1049 892 1107 Flor.
911 1049 951 1106 G.
1002 1052 1098 1106 Venesi
1122 1051 1227 1106 Cebesti
1246 1053 1337 1123 pontis
1356 1052 1445 1108 Bura.
1467 1052 1495 1108 B

251 1139 329 1196 Fior.
347 1138 396 1208 H,
429 1137 527 1194 Vmesi
551 1143 575 1189 et
596 1134 788 1207 Cebestipontis
816 1133 859 1190 sd.
887 1153 928 1208 pr.
964 1135 1085 1208 Lyrnesi
1108 1143 1133 1190 et
1153 1135 1273 1204 Cebesti,
1300 1154 1400 1207 specus
1419 1137 1495 1194 Ald.

254 1223 392 1296 Lyrnessi
410 1231 434 1277 et
455 1219 576 1276 Cebcsti:
593 1236 690 1293 specus
706 1217 838 1276 Iuniana.
873 1218 916 1278 Ut
933 1237 1009 1276 nuuc
1026 1219 1115 1294 vulgo
1132 1218 1276 1275 Modiana.
1432 1261 1436 1266 .

340 1304 412 1382 Cap.
436 1307 492 1377 11,
517 1305 612 1378 511.
647 1323 717 1378 quae
739 1307 820 1379 pylas
841 1305 1028 1380 appellantur]
1057 1305 1115 1378 pite
1138 1302 1269 1360 Bern.B
1295 1303 1373 1362 Flor.
1394 1305 1497 1372 DEF,

254 1394 328 1468 quod
341 1395 398 1466 pite
415 1392 493 1449 Flos.
514 1389 549 1460 O,
568 1391 642 1465 qrmd
656 1389 771 1464 pauet}
789 1409 807 1448 e
823 1409 865 1467 pr.
883 1409 921 1448 m.
939 1407 1027 1466 supra
1044 1390 1149 1464 suipto
1167 1389 1217 1446 ult.
1234 1409 1271 1446 ιιι.
1289 1407 1368 1462 miae.
1410 1389 1499 1457 Quod

253 1487 369 1536 notatur
385 1479 469 1535 otium
488 1495 525 1534 ex
542 1475 624 1534 Leid.
641 1476 730 1533 Voss.
751 1477 778 1533 1.

340 1561 413 1638 Cup.
434 1564 489 1635 12,
515 1563 540 1636 5.
560 1563 587 1618 1.
623 1561 777 1637 receperat]
796 1570 953 1634 acceperat
976 1560 1062 1617 Beru.
1080 1559 1153 1617 Αἰ
1169 1579 1213 1634 pr.
1238 1577 1313 1617 mun.
1332 1567 1496 1618 suffectum

254 1647 346 1706 deleto
364 1668 389 1721 ο,
407 1657 533 1722 caeperat
549 1645 636 1703 Beru.
654 1647 681 1703 B
698 1645 778 1704 Flor.
798 1643 873 1717 011,
890 1654 998 1718 ceperat
1014 1644 1094 1702 Flor.
1113 1645 1224 1703 ΠΕΡΙ.

341 1735 367 1806 5.
387 1735 417 1790 2.
453 1733 588 1806 inuitauit]
607 1733 728 1788 incitavit
745 1731 831 1788 Bern.
851 1731 876 1787 B
895 1730 974 1787 Flor.
994 1727 1080 1787 CHI.
1115 1730 1207 1805 ratus]
1226 1739 1323 1804 raptus
1341 1729 1431 1788 Bem.
1453 1731 1498 1801 A,

255 1818 343 1893 sedp
360 1836 438 1875 mnu.
457 1835 515 1881 rso.
532 1815 666 1873 deletum.
707 1817 840 1886 (Annoto
858 1824 891 1873 ut
913 1816 989 1872 hunc
1006 1815 1110 1874 librum
1132 1817 1251 1874 eundem
1269 1833 1333 1872 esse
1350 1817 1499 1891 percipias

255 1901 307 1978 qui
321 1903 352 1960 in
369 1903 532 1962 collectione
549 1919 612 1962 ver.
632 1901 695 1958 lect.
714 1901 843 1960 Danielis
860 1897 1044 1982 appelletur.)

345 1991 370 2064 5.
390 1991 418 2046 3.
455 1988 584 2062 inqresn]
603 1989 724 2061 inqreeso
741 1985 822 2044 Leid.

342 2076 369 2150 5.
389 2075 419 2132 4.
456 2073 608 2148 urpiranti]
649 2073 857 2132 Annotsndum
882 2071 995 2129 videtur
1019 2073 1168 2149 vulgarem
1191 2071 1331 2130 auttendi
1355 2072 1501 2130 ratium

257 2161 410 2235 eesptmnti
426 2159 456 2216 h.
475 2158 496 2215 1.
525 2158 555 2214 in
573 2176 631 2215 uuo
647 2157 772 2215 Flu-‚B
795 2175 869 2215 esse.
904 2155 977 2214 Mox
1000 2155 1141 2216 sobbr'treria
1163 2157 1325 2232 complutus
1343 2157 1426 2216 Flor.
1448 2159 1502 2216 sed

257 2262 311 2303 nec
327 2245 354 2302 B
371 2263 424 2303 noo
440 2245 528 2302 Beru.
547 2243 589 2300 A.
625 2242 787 2300 Extinctum
805 2244 876 2316 (uon
893 2245 977 2316 eeu.)
995 2244 1032 2300 sd
1049 2261 1138 2301 unum
1155 2261 1264 2302 omnes.

345 2331 371 2404 5.
392 2331 421 2388 8.
461 2347 561 2386 rursm
577 2330 606 2386 in
623 2328 726 2403 ipsum]
751 2347 862 2386 rursum
877 2328 965 2386 Bern.
988 2329 1015 2386 B
1034 2327 1123 2387 Voss.
1142 2330 1179 2402 2,
1202 2347 1301 2386 rursm
1323 2329 1391 2384 nubi
1407 2332 1503 2404 menn

258 2415 338 2474 Flor.
356 2415 382 2472 E
400 2433 471 2474 corr.
488 2433 588 2471 ruruee
609 2415 700 2489 iprum
713 2413 793 2472 Flor.
802 2414 838 2487 1⁴¹,
855 2433 951 2471 rursm
961 2413 1054 2472 fuerat
1069 2433 1088 2470 s
1104 2416 1197 2491 prime
1209 2431 1295 2470 uranu
1312 2415 1343 2470 in
1355 2412 1447 2472 Bem.
1460 2417 1504 2488 A,

260 2501 336 2576 quod
354 2500 428 2558 idum
446 2501 481 2558 dc
498 2499 570 2556 libro
588 2499 665 2556 Dan.
682 2509 805 2558 notetur.
840 2518 859 2556 a
875 2501 917 2574 se]
941 2499 975 2555 at
992 2517 1022 2556 se
1039 2499 1171 2562 Bern.B
1195 2498 1274 2556 Flor.
1294 2497 1368 2557 GH.
1407 2503 1505 2557 inune·

260 2587 361 2664 mores]
379 2586 468 2644 Bern.
487 2585 518 2644 A
536 2583 615 2642 Flor.
633 2582 664 2641 Η
683 2587 847 2642 inmemores.
889 2584 930 2642 Et
947 2584 1020 2642 solet
1041 2585 1099 2642 iem
1121 2585 1265 2644 sic'Bern.
1283 2585 1315 2642 A
1338 2583 1389 2659 qui
1413 2587 1506 2661 paulo

262 2667 328 2730 urite
345 2673 431 2730 etiam
449 2689 551 2730 rasura
567 2671 632 2728 iecit
649 2673 829 2729 conmilitones
846 2689 899 2746 pro
915 2689 948 2727 eo
965 2671 1040 2745 quod
1058 2671 1113 2728 tuit
1128 2672 1326 2728 commilitones.

348 2752 420 2833 Cep.
449 2759 502 2829 18,
528 2758 555 2830 5.
576 2757 605 2813 9.
647 2755 846 2840 attentuque]
870 2755 1189 2830 commossem,
1215 2755 1312 2814 nullus
1337 2755 1417 2814 Flor.
1442 2757 1505 2814 cat.

262 2843 423 2919 locatoque]
442 2845 552 2916 totaque
569 2840 651 2897 Leid.
671 2832 761 2898 solusJ

349 2929 375 3002 5.
398 2929 446 2984 10.
481 2928 603 3000 eetinqui
620 2925 661 3001 se]
680 2929 826 2984 extinctum
842 2944 898 2983 esse
915 2925 993 2983 Flor.
1012 2923 1047 2984 C.

350 3013 447 3086 511.
482 3011 632 3088 bostriium]
651 3010 766 3067 hstium
782 3010 862 3068 Flor.
880 3010 937 3068 DE
954 3010 1020 3069 Pit.
1041 3014 1070 3069 1.
1108 3009 1117 3026 ⁶
1290 3025 1300 3042 ⁸

352 3099 378 3171 5.
398 3099 446 3154 12.
482 3095 600 3172 litterae]
638 3093 687 3154 Sic
703 3096 836 3155 scribitur
852 3097 880 3152 iu
903 3104 1024 3172 utroquo
1040 3097 1127 3155 Bern.
1153 3104 1182 3154 et
1198 3096 1278 3155 Flor.
1298 3095 1454 3167 Eram,
1472 3101 1508 3156 u·-

264 3193 337 3242 teras
362 3183 391 3240 in
415 3183 493 3241 Flos.
513 3179 606 3239 BCD.
641 3183 833 3256 nequicquam]
870 3178 919 3240 Sic
942 3182 1074 3240 Remu
1106 3181 1172 3240 Psl.
1193 3184 1208 3238 1
1234 3191 1264 3240 et
1285 3183 1366 3240 Flor.
1392 3202 1509 3256 omnm,

264 3277 377 3345 prester
394 3269 420 3326 B
439 3269 468 3325 in
490 3286 547 3342 quo
566 3277 611 3324 est
627 3268 826 3342 nequidquam,
851 3265 939 3324 Bam.
958 3269 989 3325 A
1006 3268 1087 3326 Leid.
1106 3267 1196 3325 Voss.
1218 3270 1232 3324 l
1254 3271 1430 3342 nequiquam.

352 3357 378 3428 5.
401 3355 449 3410 13.
486 3353 559 3428 opis]
578 3352 718 3411 omittitur
735 3352 764 3409 iu
782 3352 868 3409 Bsm.
887 3353 917 3412 Α
948 3353 998 3411 sad
1023 3353 1172 3430 suppletur
1193 3372 1212 3410 e
1227 3371 1314 3412 manu
1332 3353 1403 3425 ult„
1426 3357 1508 3430 quod

266 3439 339 3497 idem
358 3439 481 3497 delibus
499 3439 577 3496 Dan.
595 3446 720 3496 notatur.

352 3527 379 3599 5.
400 3527 449 3582 14.
485 3525 633 3599 amenius]
652 3523 738 3580 Bern.
754 3523 780 3581 B
799 3523 879 3585 Flor.
897 3524 928 3581 H
946 3527 1073 3582 tenuitas.

352 3610 446 3682 515.
481 3610 637 3685 inerperta]
656 3608 741 3668 Bern.
758 3609 784 3667 B
801 3609 923 3667 monn
941 3613 1021 3667 etiam
1038 3617 1160 3684 seperta.
1199 3610 1281 3684 ipsis]
1301 3609 1355 3666 ilis
1373 3609 1456 3668 Flor.
1470 3612 1509 3683 B,

267 3697 323 3772 ipsi
338 3695 418 3756 Flor.
438 3694 478 3757 G.

353 3783 379 3856 5.
402 3784 452 3843 16.
484 3781 675 3856 pronuntiari]
695 3782 865 3856 prouinciam
888 3780 967 3844 Flor,
986 3781 1015 3838 D
1039 3789 1068 3838 et
1090 3799 1108 3838 s
1130 3799 1175 3856 pr.
1192 3799 1233 3843 m.
1258 3779 1296 3842 E.
1322 3781 1475 3856 [mendum
1492 3804 1511 3840 e

266 3869 404 3924 mendosa
421 3867 562 3942 scriptura
576 3869 774 3940 pronunciari,
791 3886 864 3941 quus
881 3875 926 3923 est
943 3867 972 3923 in
990 3867 1077 3927 Bern.
1095 3867 1121 3923 B
1140 3866 1221 3928 Flos.
1239 3859 1294 3941 11.]

355 3949 428 4026 Cap.
451 3955 504 4022 14,
530 3953 555 4026 5.
579 3953 606 4009 l.
642 3952 754 4028 nobiles]
781 3951 876 4007 nobilis
898 3952 980 4009 Leid.
1015 3953 1135 4026 secunus]
1162 3949 1265 4009 sicin
1289 3952 1396 4009 nostris
1421 3955 1510 4012 codd.

267 4039 304 4096 sd
321 4055 410 4094 unum
428 4037 560 4094 omuibus
579 4037 727 4108 scribitur,
744 4056 801 4094 uon
818 4047 956 4112 sequutus.

354 4123 380 4196 5.
401 4121 430 4178 2.
467 4124 637 4198 tantamque]
662 4132 765 4180 tantam
788 4122 868 4180 Flos:
885 4122 942 4180 DE
969 4123 1033 4196 (scd
1051 4121 1181 4201 oprrcet.)
1201 4121 1245 4180 ΕΙ
1261 4121 1362 4179 Paul
1392 4133 1421 4180 et
1439 4127 1511 4182 edit.

269 4229 329 4286 pu,
351 4217 490 4282 tamquam
513 4207 601 4264 Bem.
621 4208 647 4264 B
669 4208 747 4266 Flos.
765 4205 822 4264 CH
841 4207 930 4266 Voss.
951 4211 980 4266 2.
1023 4209 1087 4264 Iam
1105 4208 1215 4264 Aldina
1236 4209 1314 4264 dedit
1336 4217 1509 4284 tantamque.

269 4293 483 4354 Freinshemius
502 4293 605 4350 maluit
621 4302 770 4367 meosque,
795 4294 928 4352 nimirum
946 4295 1021 4370 quod
1044 4294 1156 4350 levatus
1174 4293 1287 4368 quidem
1305 4295 1421 4352 morbus
1449 4294 1510 4353 inm

271 4389 355 4438 antes
373 4379 453 4436 visus
478 4389 553 4447 erut,
576 4387 637 4435 tum
663 4397 731 4435 vcro
748 4380 783 4435 do
802 4379 924 4437 tollendo
952 4381 1065 4456 penitus
1090 4380 1237 4454 agebatur.
1275 4379 1384 4436 Verum
1408 4381 1512 4439 levare

271 4467 401 4526 morbum
419 4483 476 4527 uon
494 4463 588 4523 solum
605 4463 653 4522 ubi
671 4463 807 4524 minuitur
823 4465 933 4542 dicitur,
950 4467 1001 4524 scd
1018 4466 1104 4526 stium
1120 4483 1184 4523 cum
1202 4464 1320 4525 tollitur.
1356 4467 1509 4544 medicata]
