3260 5042
688 398 907 451 PRAEFATIO.
1380 401 1421 454 x1

117 621 119 623 ·
180 582 226 657 de
251 576 496 655 continuando
523 603 634 678 opere
659 582 802 680 publice
826 584 1066 681 privatimque
1086 584 1309 675 admonerer,
1337 579 1424 657 iarn-v

180 735 249 808 que
275 709 362 780 mihi
383 706 583 780 verendum
607 721 713 800 esset,
738 733 786 782 ne
809 709 917 782 fidem
931 709 1062 784 datam
1087 710 1229 784 viderer
1245 713 1420 800 fefellisse,

179 836 228 910 ad
252 836 363 909 telam
389 835 650 933 pertexendam
686 859 853 908 reversus
884 838 993 911 alium
1025 838 1290 937 redemptorem
1316 864 1421 936 quee-

181 964 249 1038 sivi
283 974 322 1036 et
355 965 632 1037 commentarios
672 963 743 1034 iem
768 961 918 1036 dudum
953 967 1170 1065 perscriptos
1204 991 1302 1039 nova
1336 989 1423 1038 cura

180 1091 420 1189 locupletatos
458 1113 555 1162 nunc
593 1089 632 1160 in
672 1088 856 1186 publicum
889 1093 1025 1167 emitto.
1088 1092 1244 1165 Textum
1279 1092 1421 1190 quidem

180 1221 300 1318 ipsum
324 1220 400 1292 fere
418 1215 589 1315 impetiri,
617 1217 759 1313 qualem
784 1219 821 1290 in
841 1219 960 1316 priore
978 1219 1133 1294 editione
1156 1221 1421 1311 constitueram,

179 1357 292 1445 atque
316 1346 463 1444 gavisus
490 1367 571 1416 sum
602 1353 718 1418 totam
751 1345 965 1419 emendandi
1000 1348 1176 1438 rationem
1208 1374 1282 1421 non
1314 1347 1422 1420 modo

180 1499 255 1548 non
281 1473 482 1561 infmctam,
507 1471 574 1546 sed
600 1483 762 1570 tempure
788 1495 927 1569 usuque
954 1474 1193 1550 subsidiorum
1220 1474 1422 1548 criticorum

181 1603 292 1676 etiam
318 1598 567 1672 confirmatam
595 1623 684 1672 esse.
724 1595 797 1676 Sed
823 1600 959 1674 inventi
974 1613 1067 1677 eunt
1091 1601 1188 1676 haud
1215 1603 1319 1702 pauci
1345 1603 1423 1693 loci,
1550 1599 1552 1602 ’

180 1731 218 1801 in
244 1725 377 1824 quibus
403 1734 468 1798 aut
494 1724 646 1799 eandem
671 1726 847 1800 rationem
873 1741 1023 1827 propter
1041 1741 1183 1803 auctam
1205 1729 1424 1803 testimonio·

179 1881 263 1929 rum
288 1853 431 1951 copiam
456 1853 574 1926 acrius
601 1851 818 1927 servandam
843 1856 1101 1950 existimarem,
1124 1869 1190 1933 aut
1216 1859 1322 1932 aliam
1344 1881 1424 1958 por·

180 1979 324 2082 ligendi
349 1979 624 2079 explicandique
648 1981 746 2054 viam
772 1961 965 2056 ineundam
991 1986 1193 2060 arbitrarer.
1239 1984 1424 2058 Recenti»

178 2135 264 2184 rum
291 2101 682 2184 criticoruminventis
704 2133 788 2182 raro
813 2131 901 2183 usus
928 2137 1018 2204 sum,
1044 2138 1118 2186 non
1142 2113 1240 2211 quod
1267 2138 1310 2186 ec
1329 2131 1426 2210 sper*

179 2263 323 2328 nerem,
361 2246 426 2308 ant
458 2261 534 2310 non
568 2237 744 2311 utendum
765 2227 1026 2314 existimarem
1056 2241 1222 2338 quicquid
1256 2242 1343 2344 utile
1378 2237 1425 2312 ad

178 2362 478 2467 perpurgandnm
505 2364 809 2462 elegantissimum
835 2391 926 2465 opus
954 2369 1152 2467 offerretur,
1179 2367 1242 2443 sed
1267 2365 1363 2464 quod
1382 2391 1426 2440 ea

180 2494 349 2570 condicio
375 2491 538 2566 codicum
563 2517 648 2565 mss.
675 2504 747 2584 est,
784 2503 839 2584 ut,
875 2494 943 2567 nisi
977 2497 1171 2594 exploratis
1203 2496 1424 2594 integrorum

181 2629 503 2719 et-oorruptorum
533 2619 708 2693 librorum
739 2621 970 2714 lectionibus,
1008 2605 1055 2695 ad
1086 2648 1211 2696 veram
1243 2623 1425 2720 scriptoris
1536 2717 1541 2730 ο

178 2773 332 2825 menum
358 2746 538 2846 perveniri
563 2771 638 2820 non
664 2749 788 2846 possit
833 2745 1178 2824 Commentariorum
1194 2761 1315 2825 autern
1333 2751 1426 2822 hanc

179 2880 363 2953 rationem
389 2876 508 2966 tenui,
543 2885 586 2948 ut
618 2875 774 2973 primurn
806 2877 947 2974 singula
981 2903 1159 2976 quaeque,
1185 2879 1222 2951 in
1249 2879 1427 2974 quibust

179 3007 335 3105 vulgata
361 3001 540 3100 scripture
563 3002 818 3094 discessissem,
849 3015 1013 3080 notarem
1039 3016 1077 3078 et
1101 3023 1227 3080 censes
1253 3029 1364 3102 quare
1388 3003 1426 3076 id

180 3135 349 3208 fecissem
374 3155 619 3228 persequerer,
645 3131 1072 3228 librorumque·veterum
1093 3137 1323 3208 auctoritates
1344 3157 1426 3205 exa·

182 3262 379 3348 minarem3
416 3281 488 3355 qua
522 3259 558 3330 in
590 3281 630 3330 re
664 3271 840 3356 perpetua
870 3260 1090 3359 integrorum
1122 3285 1164 3334 uc
1199 3261 1357 3335 fidelium
1389 3269 1427 3334 et
1504 3273 1505 3276 ’
1618 3257 1619 3262 ’

183 3397 430 3478 correcturum
470 3397 792 3484 conuptorumque
838 3387 1009 3461 codicum*
1039 3389 1227 3462 diversitas
1267 3397 1425 3487 apparet

183 3516 313 3615 Neque
345 3517 382 3587 in
416 3512 616 3587 iudicandis
649 3515 860 3590 lectionibus
895 3540 968 3589 non
1002 3517 1071 3590 hoc
1106 3517 1190 3589 mihi
1225 3515 1427 3589 faciendum

184 3657 282 3734 erat,
321 3655 364 3716 ut
394 3641 538 3742 linguae
569 3641 720 3716 Latinae
755 3669 861 3716 nsum
892 3654 930 3716 et
961 3645 1133 3718 sermonis
1160 3642 1320 3718 Curtiani
1347 3669 1426 3742 pro·

185 3775 379 3873 prietatem
396 3794 603 3867 exequerer,
631 3795 702 3867 quo
719 3772 855 3845 facilius
876 3755 1077 3846 inveterata
1096 3774 1290 3845 multorum
1307 3772 1426 3869 opinio

186 3902 235 3976 de
261 3897 440 3974 scribendi
466 3921 618 3996 genere,
651 3923 724 3996 quo
760 3897 922 3972 Curtium
952 3923 1059 3972 usum
1091 3925 1184 3973 esse·
1200 3899 1427 3988 imbiberunt,

185 4032 284 4104 malo
309 4039 347 4102 et
382 4051 492 4101 aurea
517 4025 721 4101 Latinitatis
753 4039 871 4102 aetate
902 4027 1049 4126 indigno
1080 4029 1319 4104 refelleretur:
1356 4051 1427 4123 quo

186 4158 317 4234 eodem
351 4159 388 4229 in
422 4179 555 4255 genere
588 4179 705 4253 nuper
738 4154 802 4229 Iul.
838 4155 1095 4245 Muetzellium,
1137 4181 1243 4252 quern
1282 4153 1427 4227 honoris

188 4311 299 4360 causa
330 4285 495 4374 nomino,
535 4308 609 4356 non
640 4285 898 4358 infructuosam
932 4309 1077 4382 operam
1108 4284 1270 4382 posuisse
1303 4284 1427 4355 laetor.

188 4415 263 4488 Eas
288 4423 409 4487 autem
435 4410 600 4485 codicum
625 4438 709 4488 mss.
735 4414 920 4501 lectiones,
956 4413 1083 4508 quibus
1109 4412 1146 4484 in
1171 4410 1427 4485 commentario

190 4543 314 4616 critico
340 4542 394 4614 uti
420 4565 491 4613 non
525 4542 645 4638 potui,
685 4552 876 4639 propterea
907 4540 1005 4637 quod
1037 4539 1082 4612 sd
1116 4559 1291 4612 summam
1326 4541 1428 4634 quasi
