3300 5044
223 344 299 415 494
720 356 755 417 Q.
782 355 905 407 cuarn
931 355 1015 405 num

222 539 337 612 decim
369 536 466 608 milia
497 535 659 634 peditum
685 547 722 610 at
747 538 818 610 duo
851 537 948 609 milia
972 536 1146 632 equiturn,
1184 565 1276 636 quae
1306 541 1343 614 in
1370 539 1463 613 Asia

220 648 400 737 retineret,
427 647 509 746 eligi
535 649 648 741 iussit,
675 651 892 738 existimans,
924 646 1063 720 modico
1089 651 1248 722 exercitu
1274 651 1462 724 continere

221 783 326 854 posse
361 757 504 850 Asiam,
545 761 628 857 quia
665 763 825 860 pluribus
864 760 950 833 locis
988 757 1164 855 praesidia
1202 759 1459 858 disposuissem

221 893 405 968 nuperque
425 870 588 944 conditas
610 873 729 962 urbes,
755 896 843 970 quas
870 873 1004 945 colonis
1029 871 1211 1000 replesspt,
1237 895 1295 943 res
1321 897 1462 944 novare

222 982 446 1078 cupientibus
472 984 617 1054 obstare
644 981 821 1055 credebat
874 981 1041 1056 Ceterum
1067 981 1272 1080 priusquam
1298 1001 1497 1055 secernes

222 1103 288 1180 ret,
315 1117 404 1189 quos
428 1102 506 1164 erat
527 1100 743 1180 retentmns,
768 1090 890 1180 edixit,
917 1103 959 1164 ut
984 1116 1107 1165 omnes
1132 1091 1262 1162 milites
1289 1115 1348 1163 aes
1375 1094 1464 1166 alie-

221 1225 308 1273 num
341 1203 604 1298 profiterentur.
659 1197 776 1275 Grave
815 1201 993 1298 plerisque
1026 1227 1104 1276 esse
1138 1213 1379 1300 compererat,
1424 1215 1466 1276 et

221 1335 437 1408 quamquam
463 1311 623 1410 ipsorum
649 1312 738 1384 luxu
763 1321 986 1384 contractum
1009 1324 1095 1401 erat,
1122 1312 1317 1386 dissolvere
1335 1324 1462 1386 tamen

221 1421 297 1518 ipse
322 1421 543 1495 decreverat
596 1421 665 1512 Illi,
697 1423 863 1518 temptari
888 1420 985 1519 ipsos
1015 1423 1100 1512 rati,
1139 1448 1209 1520 qno
1241 1423 1378 1496 facilius
1412 1426 1463 1498 ab
1485 1444 1517 1490 ro

133 1607 134 1610 ,
220 1532 370 1632 integris
396 1541 627 1630 sumptuosos
654 1525 879 1622 discerneret,
912 1532 1123 1630 prolatando
1150 1535 1371 1631 aliquantum
1396 1557 1464 1607 ex·

221 1651 411 1716 traxerant
435 1643 617 1742 temporis.
670 1641 717 1716 Et
742 1667 808 1718 rex
834 1644 920 1717 satis
945 1669 1094 1742 gnarum
1128 1645 1339 1744 professioni
1365 1648 1465 1719 aeris

222 1753 414 1852 pudorem,
449 1781 523 1830 non
555 1753 814 1826 contumaciam
846 1755 1005 1846 obstare,
1039 1781 1181 1830 mensas
1212 1755 1297 1828 totis
1329 1757 1463 1854 castris
1610 1847 1611 1862 χ

221 1867 308 1963 poni
332 1865 445 1957 iussit,
472 1881 510 1940 et
536 1863 660 1938 decem
685 1863 780 1936 milia
802 1863 975 1938 talentum
1001 1866 1159 1963 proferri.
1199 1864 1291 1938 Tum
1312 1864 1465 1939 demum
1484 1887 1514 1932 ιι
1610 1875 1611 1958 j

221 1973 294 2049 fide
319 1976 415 2051 faeta
440 1977 591 2078 professi
617 1985 712 2065 sunt,
738 1999 804 2046 nec
820 1976 971 2076 amplius
990 2001 1036 2048 ex
1058 1987 1159 2050 tanta
1183 1977 1334 2075 pecunia
1351 2001 1466 2072 quam

223 2095 366 2160 centum
393 2100 431 2162 et
455 2089 604 2187 triginta
629 2087 764 2160 talenta
789 2086 1006 2183 superfuere.
1053 2086 1157 2160 Adeo
1182 2087 1241 2160 ille
1267 2086 1463 2178 exereitus,
1497 2101 1499 2104 ’
1610 2075 1611 2138 l

156 2259 159 2266 .
222 2204 279 2270 tot
305 2196 559 2273 ditissimamm
579 2197 739 2297 gentium
756 2195 880 2286 vietor,
906 2197 987 2295 plus
1005 2207 1125 2272 tamen
1141 2197 1323 2288 victoriae,
1349 2221 1464 2295 quam

222 2305 388 2406 praedae,
416 2308 623 2408 deportavit
648 2333 697 2382 ex
720 2305 817 2379 Asia
1103 2387 1105 2392 ¹

55 2459 69 2472 -
173 2419 195 2491 9
326 2416 495 2494 Ceterum
520 2431 563 2493 ut
589 2420 770 2519 cognitum
801 2427 872 2507 est,
907 2417 995 2492 alios
1026 2418 1158 2492 remitti
1189 2417 1332 2508 domos,
1367 2418 1461 2490 alios
1484 2437 1517 2485 ra

222 2529 382 2622 retineri,
421 2541 633 2630 perpetuam
670 2555 751 2604 eum
783 2527 884 2626 regni
916 2528 1037 2602 sedem
1068 2529 1104 2601 in
1136 2529 1224 2602 Asia
1252 2528 1464 2602 habitumm

223 2642 303 2733 rati,
328 2641 502 2716 vecordes
529 2654 566 2717 et
592 2641 797 2742 disciplinae
822 2637 982 2714 militaris
1008 2641 1247 2730 immemores,
1278 2637 1462 2714 seditiosis

223 2897 308 2950 xvm,
320 2889 360 2937 17.
386 2881 492 2956 Reliqui
510 2883 592 2956 igitur
610 2892 739 2956 quattuor
755 2883 826 2937 milia
860 2881 919 2937 libri
937 2899 1026 2938 omnes
1038 2883 1174 2954 professio
1191 2893 1239 2950 est,
1255 2879 1333 2954 pauci
1350 2896 1367 2934 e
1383 2881 1463 2934 dete-
1551 2929 1555 2938 .

125 3012 132 3021 ,
223 2951 252 3006 in
276 2951 371 3006 itinere
395 2951 520 3006 ridentur·
541 2953 696 3007 remansisse
718 2969 750 3005 ac
772 2952 826 3006 for·
860 2951 958 3005 riorum
970 2969 1079 3006 numero
1091 2953 1291 3020 prosatores.
1318 2949 1463 3004 Sedrecte

223 3028 294 3101 tersae
318 3019 346 3074 in
371 3019 479 3074 coloniis
497 3019 607 3076 Graecis
627 3021 655 3076 in
680 3038 728 3076 ors
747 3021 826 3074 Asiae
859 3021 1012 3074 emendasse
1028 3029 1102 3092 puto.

223 3097 280 3142 tm!
298 3089 493 3171 medem&
542 3159 548 3170 ⁸
894 3106 1082 3159 ditissimorum
1097 3107 1223 3176 partium]
1257 3099 1461 3158 nemnem

257 3174 301 3211 m
318 3175 415 3211 meare
431 3159 606 3227 saraam]
642 3157 726 3213 cod<L
736 3173 825 3238 ornnes
860 3175 959 3227 vostr
984 3176 1199 3228 asarenam
1221 3172 1294 3243 quoe
1314 3171 1379 3225 uem
1396 3170 1462 3223 us

222 3227 488 3306 muneraque!
496 3227 614 3307 cumba
621 3226 826 3307 animalum
860 3241 917 3294 nus
935 3241 1029 3308 enne
1047 3241 1192 3296 morentur
1208 3259 1298 3294 omns·
1315 3257 1373 3293 em
1453 3279 1461 3291 .

223 3303 345 3363 nonsit,
368 3303 442 3348 recte
459 3311 515 3348 arne
532 3295 614 3349 dobro
632 3295 723 3350 lunius
739 3313 825 3348 amen-
859 3309 1042 3377 consentiunt,
1069 3319 1174 3382 pm,
1198 3327 1279 3362 unum
1304 3307 1400 3360 librum
1424 3309 1461 3360 r„

223 3361 303 3442 davit,
323 3380 432 3430 novare,
461 3363 560 3444 reliqui,
575 3380 609 3416 ¹¹0
637 3370 824 3444 propssgssrtlss23
859 3383 954 3448 Iraque
976 3380 1010 3432 ab
1033 3395 1065 3431 ea
1085 3379 1207 3433 resedere
1223 3395 1276 3431 non
1293 3392 1371 3429 ausus
1388 3391 1457 3430 snm.

223 3429 279 3484 Sed
295 3449 322 3482 ιιι
339 3430 422 3484 verbo
445 3443 559 3500 cupream
630 3431 748 3502 piamque
765 3432 824 3485 lrbrr
860 3445 902 3500 cs,
919 3448 953 3500 ad
971 3461 1012 3514 ιγ,
1030 3455 1047 3499 4
1064 3456 1132 3502 extr,

222 3515 284 3552 mss
302 3507 330 3551 et
346 3497 461 3569 primum
478 3499 545 3552 editi
562 3499 666 3566 finiunt,
684 3518 738 3553 non
755 3499 825 3553 clau-

224 3567 302 3634 dunt,
312 3566 720 3639 orationemetintmpunetione
728 3567 824 3622 maiore
894 3565 960 3636 Cap.
976 3572 1005 3630 9,
1030 3569 1053 3634 5.
1068 3572 1109 3620 12.
1143 3567 1212 3618 alios
1235 3564 1333 3618 remitti
1355 3564 1459 3634 domos]

223 3635 294 3688 facts
318 3643 434 3706 pergunt
462 3637 589 3689 Ostama.
624 3635 708 3690 Aldus
734 3653 824 3689 sacun-
859 3633 949 3704 Vulgo
969 3633 1057 3687 editur
1077 3635 1142 3688 mitti
1160 3636 1261 3686 domem
1281 3633 1328 3686 sed
1349 3630 1460 3702 pluralis

224 3703 288 3756 dum
309 3721 390 3756 unum
408 3704 468 3757 cod.
486 3713 606 3758 nostrum
622 3704 693 3758 Flor.
712 3705 738 3758 G
754 3704 825 3757 adia·
859 3705 947 3756 domm
970 3702 998 3755 in
1020 3720 1081 3756 mss.
1102 3703 1137 3754 ad
1158 3719 1239 3755 unum
1261 3700 1380 3754 omnibus
1405 3707 1460 3766 est,

224 3771 263 3824 eit
280 3771 384 3824 obstare
423 3787 508 3843 eaque
530 3773 641 3843 vulgata
662 3773 740 3826 lectio
756 3772 826 3826 facts
858 3772 954 3823 resns'tti
979 3770 1007 3824 in
1033 3770 1162 3841 plurimis,
1191 3769 1271 3823 utin
1293 3768 1364 3822 Flor.
1381 3767 1461 3821 affl

224 3849 274 3893 est.
309 3838 363 3892 Sed
389 3811 471 3910 longe
495 3850 631 3910 praestat,
662 3859 720 3896 mm
745 3841 825 3894 semel
859 3839 975 3892 Bemss
999 3841 1093 3892 dama
1109 3838 1161 3906 sit,
1192 3837 1220 3890 in
1245 3837 1319 3891 nullo
1345 3835 1460 3908 simplex

224 3907 260 3962 ali
296 3907 322 3961 id
331 3908 480 3961 addendum
490 3925 547 3963 esse
556 3910 740 3974 censuerimus,
750 3910 825 3980 sequi
858 3909 934 3960 mitti.

224 3927 825 4033 sodueesrn.11²10r.1)l²1aseribereot-
893 3977 922 4028 s'a
940 3978 1007 4029 Asia
1025 3977 1181 4042 lobitmsm]
1212 3972 1343 4038 Quoniam
1361 3971 1461 4026 totiens

224 4056 298 4099 stare
314 4047 442 4098 credebat.
859 4043 961 4097 literam
982 4063 1008 4097 m
1030 4044 1075 4096 ubi
1097 4043 1227 4096 sententia
1251 4041 1390 4094 manifesto
1415 4056 1460 4093 re-

259 4117 282 4182 ξ.
293 4120 333 4167 10.
369 4116 455 4166 decem
472 4116 547 4167 milia
565 4115 699 4185 talentum]
736 4114 824 4184 Vulgo
859 4121 974 4233 pugnat,
1002 4111 1120 4165 additam
1137 4111 1209 4190 vidi,
1231 4127 1265 4163 ne
1283 4107 1459 4190 hochnidem

224 4181 309 4236 edunt
327 4183 490 4236 talentorum.
519 4181 574 4235 Sed
587 4183 693 4235 alteram
708 4183 825 4249 formam,
869 4197 917 4235 oco
934 4197 1042 4235 moveor
1059 4180 1131 4249 quod
1147 4179 1175 4232 in
1192 4179 1265 4232 libris
1281 4178 1398 4248 plurimrs
1415 4186 1460 4230 st-

225 4269 279 4323 qua
299 4259 403 4304 veteres
423 4251 479 4304 fere
500 4259 626 4316 utuntur,
654 4253 728 4304 codd.
747 4252 825 4322 pleri.
860 4266 911 4319 que
929 4251 995 4302 adeo
1003 4247 1107 4319 optimis
1125 4250 1153 4300 in
1164 4248 1256 4300 Asiam
1266 4246 1370 4316 legitur,
1388 4246 1458 4324 adeo

227 4335 279 4391 que
296 4336 398 4373 omnes:
414 4322 519 4372 ¹talentu
537 4317 643 4372 mor-‚D
662 4323 771 4374 Vosst.
860 4326 889 4370 ut
907 4321 974 4372 Asin
992 4335 1010 4370 a
1029 4315 1114 4386 prima
1136 4333 1214 4368 manu
1236 4332 1289 4368 non
1311 4314 1346 4368 sit
1363 4312 1412 4366 nist
1428 4313 1459 4366 in

261 4391 285 4456 ξ.
300 4397 340 4440 11.
364 4388 425 4467 pide
463 4397 524 4440 acto
542 4388 661 4456 professi
678 4392 747 4455 suar]
782 4388 826 4442 Sic
859 4386 929 4439 Flor.
948 4387 1005 4439 Fll.
1047 4384 1145 4436 Verum
1171 4392 1201 4436 ut
1225 4383 1282 4436 dixi
1306 4383 1334 4436 in
1358 4381 1458 4436 talibus

144 4501 145 4506 ,
227 4455 326 4528 primus
334 4455 418 4509 edidit
457 4453 533 4508 odius
551 4457 584 4508 de
601 4455 826 4520 coniecturarum
860 4454 1007 4526 saepissima
1022 4462 1132 4524 peccam
1149 4451 1254 4506 librarii.
