3330 5050
665 341 715 404 33
742 353 870 408 nuans
896 356 1005 410 anax.
1032 359 1084 429 rx,
1112 359 1137 405 3.
1355 307 1359 318 ’
1450 345 1522 414 435

281 561 366 609 oum
391 536 468 607 aliis
494 534 713 614 inhaerentis
730 567 812 618 crus
834 544 999 632 avellere,
1026 553 1073 632 et,
1100 543 1183 638 quia
1208 569 1282 616 non
1300 545 1524 643 sequebatur,

220 667 262 716 33
282 648 379 720 ferro
405 657 591 744 amputare
617 653 751 748 coepit:
770 676 825 742 Ι33
853 653 904 724 313
927 652 1070 748 quidem
1097 653 1292 750 pertinacia
1319 655 1423 744 victa,
1450 681 1524 728 rur·

282 758 476 834 3333113131
502 773 642 858 partem
675 786 796 834 secare
831 761 975 850 institit,
1011 773 1047 834 et
1083 761 1165 836 inde
1200 789 1273 835 non
1299 765 1441 861 segnius
1475 769 1524 838 in·

282 869 490 944 haerentem
525 874 620 945 fer'ro
659 870 813 944 subinde
840 870 1023 945 caedebat.
1083 873 1145 946 Ille
1176 873 1213 943 in
1249 875 1396 948 vulnere
1428 877 1523 950 ferae

283 977 409 1052 dentes
428 981 662 1055 moribundus
689 1006 832 1078 quoque
858 983 1041 1056 infixerat:
1076 995 1212 1056 tantam
1239 984 1275 1056 in
1302 986 1368 1058 illis
1395 988 1525 1060 anima·

283 1089 377 1162 libus
409 1091 456 1163 ad
489 1091 694 1165 venandum
729 1090 963 1188 cupiditatem
996 1093 1225 1191 ingenerasse
1257 1105 1422 1168 naturam
1455 1123 1524 1171 rne-

227 1202 416 1276 armoriae
455 1201 637 1299 proditum
678 1213 743 1276 est
802 1200 979 1300 Equidem
1017 1205 1121 1301 plura
1159 1206 1377 1296 transcribo,
1417 1234 1524 1305 quarn

284 1312 405 1385 credo:
438 1337 522 1384 nam
553 1337 621 1386 nec
647 1314 828 1386 affirmare
854 1315 1030 1404 33311333,
1063 1315 1109 1389 de
1136 1317 1264 1412 quibus
1290 1316 1432 1408 dubito,
1459 1345 1524 1392 nec

227 1440 265 1490 ³5
283 1423 492 1512 subducere,
519 1449 611 1520 quae
626 1424 756 1522 accepi.
792 1423 931 1497 Relicto
957 1426 1067 1522 igitur
1080 1424 1229 1524 Sopithe
1255 1427 1375 1501 innuo
1402 1455 1522 1526 regno,

283 1533 331 1606 ad
356 1533 506 1606 fluvium
530 1532 696 1634 Hypasin
723 1534 914 1633 processit,
940 1533 1224 1633 Hephaestione,
1247 1539 1319 1635 ,qui
1346 1538 1523 1612 diversam

228 1662 266 1711 33
283 1645 465 1742 regionem
491 1645 702 1744 subegerat,
736 1646 937 1719 coniuncto.
990 1645 1155 1744 Phegeus
1190 1658 1269 1722 3331
1300 1650 1416 1746 gentis
1444 1676 1522 1748 pro·

282 1755 400 1828 ximae
425 1779 508 1829 rex:
535 1756 613 1852 qui,
641 1757 873 1855 popularibus
900 1756 974 1830 3313
1001 1758 1118 1831 331333
1144 1782 1267 1855 agros,
1293 1769 1335 1832 ut
1360 1785 1523 1834 assueve-

283 1875 366 1938 rant
373 1921 383 1956 ,
408 1865 513 1940 iussis
520 1922 529 1957 ,
555 1865 767 1940 Alexandro
793 1891 874 1940 cum
900 1865 1004 1940 donis
1030 1869 1201 1958 occurrit,
1227 1868 1315 1942 nihil
1341 1870 1437 1967 quod
1461 1872 1523 1944 im·

283 1987 425 2073 peraret
452 1975 667 2050 detrectans.

229 2103 265 2152 33
384 2085 540 2160 Biduum
566 2086 663 2186 apud
689 2113 773 2162 eum
792 2086 954 2162 substitit
979 2113 1061 2162 rex:
1089 2090 1196 2165 tertio
1222 2089 1281 2164 die
1300 2115 1441 2164 amnem
1466 2117 1523 2166 su·
1550 2095 1572 2166 1

282 2353 335 2390 333
352 2338 640 2418 potestgrnmmatioa,
667 2337 718 2392 3131
736 2355 795 2393 oum
813 2353 889 2409 prae·
921 2353 971 2408 vr,
997 2357 1019 2396 e.
1039 2348 1069 2394 11
1089 2348 1180 2408 a.21,
1206 2346 1382 2404 310318,
1408 2347 1478 2395 certe
1495 2339 1523 2394 13

397 2407 571 2462 coniunxerit.
616 2407 677 2474 Qno
702 2407 773 2462 13313
798 2414 888 2461 umen
922 2415 1009 2463 textu.
1068 2409 1256 2480 Curtianopnm
1289 2409 1418 2464 librorum
1452 2409 1534 2463 Flor..
1582 2429 1584 2432 ·

307 2474 405 2544 uguida
436 2483 464 2528 et
491 2474 648 2530 inconcinna
676 2475 722 2529 fiet
752 2474 886 2546 periodus,
920 2477 997 2530 ABD
1016 2477 1154 2546 Hypasin,
1172 2475 1246 2531 Leid.
1273 2478 1349 2532 Voss.
1377 2477 1522 2531 1211333.

237 2593 244 2606 ·
281 2543 886 2667 tantumtantum
920 2545 1524 2685 Allnqfflttatttmt‘

281 2677 367 2732 Aldus
382 2651 534 2734 coneha-at
548 2699 626 2734 unus.
649 2653 712 2734 Hoc
723 2681 801 2748 bene,
819 2653 887 2734 31331
948 2651 1054 2750 333313,
1066 2699 1225 2753 quamquam
1234 2682 1324 2735 333313
1335 2692 1421 2736 utrum
1429 2682 1523 2735 omissa

87 2787 95 2820 9
205 2785 208 2788 -
280 2745 346 2800 illud
371 2748 440 2802 male
466 2749 539 2820 quod
564 2767 622 2804 cum
646 2747 743 2816 edidit,
771 2765 831 2801 cum
857 2746 886 2802 13
919 2749 1046 2820 aspiratio
1064 2748 1247 2804 consuetudini
1258 2749 1412 2804 Latinorum
1429 2768 1463 2804 33
1481 2767 1522 2804 33-

281 2813 363 2886 princi
384 2815 442 2870 rbus
464 2827 516 2870 tam
538 2815 639 2871 fuisset.
682 2815 742 2870 Nec
764 2815 886 2887 intelligo
920 2816 974 2871 3331
998 2817 1164 2871 librariorum
1185 2817 1338 2872 ascribenda
1358 2818 1401 2872 sit
1440 2817 1523 2870 Aldus

281 2884 344 2955 quid
357 2835 465 2940 Hodiua
483 2885 608 2953 voluerit,
645 2885 672 2938 31
689 2887 767 2939 unlus
785 2885 886 2939 dicaret
920 2885 1037 2940 dederat·
1050 2888 1078 2939 H
1112 2889 1195 2953 13313,
1221 2886 1344 2940 sedeam
1362 2886 1523 2958 reliquerunt

281 2954 443 3008 3333133313
459 2953 596 3025 postulari.
739 2953 775 3006 ad
791 2969 885 3008 333333
920 2953 1061 3008 13313333
1108 2953 1201 3019 331133,
1224 2971 1309 3026 neque
1333 2973 1382 3008 nos
1399 2954 1538 3026 vulgatae.

281 3023 355 3076 33313
372 3021 475 3076 facilins
491 3021 653 3092 intelligitur
669 3023 791 3086 31133133,
807 3039 886 3093 qnam
919 3021 1090 3077 obstabimna.
1133 3021 1223 3076 Hodie
1248 3030 1359 3077 vocatur
1383 3022 1464 3088 Bias,
1495 3021 1522 3076 13

280 3089 554 3145 3331333331333113
575 3093 620 3160 3331
636 3091 885 3144 333333333331311-
921 3090 1154 3159 33333Η33331333,
1173 3089 1398 3162 333383113313313
1415 3098 1522 3156 vocant,

281 3157 328 3212 bna
353 3161 508 3213 misteriis
526 3190 559 3201 -
576 3162 676 3229 333311,
702 3157 721 3214 1.
740 3174 765 3211 a
791 3157 885 3228 aliquis
920 3157 1027 3225 incidit3
1053 3159 1190 3230 utriusque
1211 3158 1343 3212 coniuncti
1365 3177 1445 3230 33333
1462 3167 1523 3229 post

280 3243 315 3279 ex
335 3226 468 3280 ministris.
511 3227 541 3282 si
563 3227 672 3298 pluralis
695 3243 819 3280 33333333
846 3243 887 3280 33-
921 3225 1030 3296 longum
1051 3227 1166 3297 spatium
1188 3227 1313 3282 Aminea
1335 3227 1430 3297 recipit
1450 3226 1523 3280 etin

282 3303 407 3365 queretur
417 3303 448 3349 ut
456 3311 509 3364 vu,
529 3303 578 3365 1,8
596 3295 697 3350 facilius
707 3295 886 3350 concederem.
920 3293 1017 3348 Indum
1048 3294 1213 3349 transmittit.
1262 3295 1405 3358 Quaeritur
1435 3304 1523 3348 antam

314 3399 375 3435 cm
402 3383 522 3450 audiere]
562 3381 641 3436 Vos,
667 3387 678 3433 1
709 3379 781 3434 Flor.
811 3379 887 3434 CEH
921 3371 1010 3417 utrum
1027 3363 1178 3418 Alexander
1195 3363 1314 3435 Hypasin
1333 3363 1465 3416 1331333313
1480 3381 1523 3416 33-

281 3466 359 3502 emra
377 3452 469 3503 veum
493 3449 584 3504 P21‚1
605 3449 678 3502 plor,
695 3447 789 3502 DFGI
807 3465 887 3502 mm
921 3449 971 3502 pra
987 3449 1021 3484 an
1041 3431 1110 3485 infra
1130 3431 1291 3486 confluentes
1316 3449 1375 3485 cum
1394 3431 1523 3485 Hesudro.

281 3519 389 3572 vellera,
469 3490 476 3514 '
921 3501 963 3553 Ac
980 3499 1043 3552 mihi
1061 3498 1167 3570 quidem
1180 3515 1215 3554 33
1228 3515 1260 3554 33
1292 3501 1344 3555 nod
1353 3499 1451 3553 Plinius
1469 3507 1523 3552 nat.

315 3613 390 3679 333.
409 3611 610 3682 ananam]
629 3589 818 3681 vagat,-
829 3612 887 3681 W„
921 3567 983 3688 1331
1000 3583 1045 3690 pi
1070 3576 1100 3622 n
1119 3587 1154 3647 3.Ι
1166 3574 1197 3622 3
1217 3568 1251 3649 aa
1304 3568 1378 3622 nuto
1394 3567 1522 3622 urana

282 3681 346 3745 3133,
356 3679 402 3732 sed
411 3679 493 3733 tutius
548 3676 801 3733 uemanlor.ABC
810 3677 885 3732 Leid.
922 3637 1307 3774 uggoemufflffdffimssnpzz
1322 3637 1370 3757 ⁸:31¹
1372 3637 1523 3758 11111ῗέἀὲῑέ

281 3747 841 3870 ml
857 3756 886 3895 t
919 3722 1247 3894 inaanan>em
1365 3773 1466 3826 ....

281 3881 344 3963 81111.
362 3883 495 3938 Snaltenb.
516 3890 545 3936 et
562 3882 672 3954 Bipont
694 3891 722 3937 et
739 3899 774 3936 ex
800 3899 832 3936 ett
856 3900 885 3936 ln
954 3915 977 3975 ς
994 3915 1036 3964 36.
1071 3909 1202 3988 pamm]
1243 3908 1339 3962 Adhuc
1366 3907 1431 3960 editi
1456 3907 1522 3960 olim

281 3968 369 4022 pm
386 3969 444 4005 Μ
461 3963 485 4004 ⁶³
503 3953 603 4005 ‘'find‘'
918 3977 1041 4057 Ptepelis
1066 3994 1100 4030 ex
1120 3977 1258 4097 plenaque
1286 3975 1433 4041 codicibus,
1497 3983 1523 4028 st

314 4048 337 4112 5.
354 4049 397 4099 85.
416 4047 455 4099 od
461 4045 575 4114 ,11331333
591 4043 729 4112 Hypasin]
766 4040 884 4096 Graecae
918 4044 1023 4098 1333333
1032 4045 1313 4115 Pbeqeaesectmdum
1321 4044 1391 4097 Flor.
1409 4047 1438 4095 B.
1492 4061 1521 4098 33

282 4111 390 4166 nominis
404 4114 573 4167 formaesuut
589 4113 659 4166 duae
669 4113 805 4180 Hyphasis
813 4111 884 4181 apud
918 4113 974 4166 Phe
992 4131 1036 4166 eus
1055 4113 1173 4166 dedimus
1190 4128 1225 4166 ex
1242 4111 1315 4166 Flor.
1331 4110 1422 4164 DFGl
1440 4110 1519 4165 Pall

283 4180 434 4248 13133331,
466 4183 590 4262 Hypanis
618 4197 634 4232 3
671 4181 687 4233 d
714 4177 883 4246 Strabonem,
918 4132 1344 4250 33111313311313333133133331
1366 4179 1522 4260 paulopost

282 4249 453 4317 Athenaeum,
471 4249 626 4319 Dionysium
660 4247 699 4302 eri
748 4254 806 4312 133ς
820 4247 885 4301 Dio·
918 4248 946 4302 in
963 4247 1521 4303 33313331333333131.(13311331333333311-

284 4316 340 4370 (1331
361 4318 464 4372 33311333
482 4319 586 4371 3331331
611 4317 682 4371 13133
731 4318 831 4385 ypunt'n
856 4323 885 4370 et
919 4318 1040 4372 vanains
1059 4316 1170 4372 nominis
1196 4324 1239 4370 331
1259 4317 1373 4386 Pteyeo.
1413 4315 1443 4369 ln
1469 4317 1520 4370 lina

283 4385 312 4438 H
343 4388 428 4439 tasin.
480 4386 574 4440 Terta
598 4395 641 4441 est
666 4386 805 4454 Hypasis,
831 4401 884 4454 qua
919 4383 1345 4456 31313331333133333311333131313
1353 4383 1518 4439 nonanta

284 4453 305 4508 P
343 4453 381 4508 ’33
398 4455 426 4507 13
443 4463 497 4508 nat.
515 4455 573 4509 hist
592 4455 676 4512 utitur
688 4469 712 4508 11
728 4461 793 4508 318
811 4471 833 4506 3.
844 4459 884 4506 15.
919 4453 990 4509 Flor.
1009 4455 1072 4508 DFl
1090 4453 1245 4508 3131133133
1262 4461 1350 4508 anctae
1367 4452 1423 4508 GE.

1297 4538 1350 4592 ts*
