<?xml version="1.0" encoding="UTF-8"?>
<!DOCTYPE html PUBLIC "-//W3C//DTD XHTML 1.0 Transitional//EN"
    "http://www.w3.org/TR/xhtml1/DTD/xhtml1-transitional.dtd">
<html xmlns="http://www.w3.org/1999/xhtml" xml:lang="en" lang="en">
 <head>
  <title>
</title>
<meta http-equiv="Content-Type" content="text/html;charset=utf-8" />
  <meta name='ocr-system' content='tesseract 3.04.00' />
  <meta name='ocr-capabilities' content='ocr_page ocr_carea ocr_par ocr_line ocrx_word'/>
</head>
<body>
  <div class='ocr_page' id='page_1' title='image "./qcurtiirufidege03rufugoog_0328.png"; bbox 0 0 3350 5042; ppageno 0'>
   <div class='ocr_carea' id='block_1_1' title="bbox 547 243 1408 382">
    <p class='ocr_par' dir='ltr' id='par_1_1' title="bbox 547 243 1408 382">
     <span class='ocr_line' id='line_1_1' title="bbox 547 243 1408 382; baseline -0.008 -17"><span class='ocrx_word' id='word_1_1' title='bbox 547 269 598 366; x_wconf 71' lang='lat' dir='ltr'><strong>dn</strong></span> <span class='ocrx_word' id='word_1_2' title='bbox 625 313 753 368; x_wconf 81' lang='lat' dir='ltr'><strong>cnsrrs</strong></span> <span class='ocrx_word' id='word_1_3' title='bbox 777 312 887 366; x_wconf 81' lang='lat' dir='ltr'><strong>anax.</strong></span> <span class='ocrx_word' id='word_1_4' title='bbox 913 308 977 382; x_wconf 83' lang='lat' dir='ltr'><strong>vn,</strong></span> <span class='ocrx_word' id='word_1_5' title='bbox 995 310 1021 362; x_wconf 83' lang='lat' dir='ltr'><strong>s.</strong></span> <span class='ocrx_word' id='word_1_6' title='bbox 1272 243 1278 255; x_wconf 41' lang='grc'>’</span> <span class='ocrx_word' id='word_1_7' title='bbox 1336 260 1408 362; x_wconf 67' lang='lat' dir='ltr'><strong>tol</strong></span> 
     </span>
    </p>
   </div>
   <div class='ocr_carea' id='block_1_2' title="bbox 39 477 1461 3272">
    <p class='ocr_par' dir='ltr' id='par_1_2' title="bbox 52 477 1410 811">
     <span class='ocr_line' id='line_1_2' title="bbox 52 477 1410 597; baseline -0.001 -31"><span class='ocrx_word' id='word_1_8' title='bbox 52 543 56 552; x_wconf 82' lang='lat'><em>-</em></span> <span class='ocrx_word' id='word_1_9' title='bbox 98 511 139 561; x_wconf 73' lang='lat' dir='ltr'><strong>aa</strong></span> <span class='ocrx_word' id='word_1_10' title='bbox 161 485 288 590; x_wconf 85' lang='lat' dir='ltr'><strong>ipsius</strong></span> <span class='ocrx_word' id='word_1_11' title='bbox 314 493 466 592; x_wconf 87' lang='lat' dir='ltr'><strong>sepelire</strong></span> <span class='ocrx_word' id='word_1_12' title='bbox 491 487 760 597; x_wconf 68' lang='lat' dir='ltr'><strong>permitterent,</strong></span> <span class='ocrx_word' id='word_1_13' title='bbox 786 483 1033 594; x_wconf 65' lang='lat' dir='ltr'><strong>probabantur.</strong></span> <span class='ocrx_word' id='word_1_14' title='bbox 1074 479 1155 564; x_wconf 73' lang='lat' dir='ltr'><strong>&#39;Diu</strong></span> <span class='ocrx_word' id='word_1_15' title='bbox 1180 491 1217 565; x_wconf 92' lang='lat' dir='ltr'><strong>id</strong></span> <span class='ocrx_word' id='word_1_16' title='bbox 1241 477 1410 590; x_wconf 85' lang='lat' dir='ltr'><strong>negatum</strong></span> 
     </span>
     <span class='ocr_line' id='line_1_3' title="bbox 162 601 1410 706; baseline 0 -30"><span class='ocrx_word' id='word_1_17' title='bbox 162 615 240 694; x_wconf 79' lang='lat' dir='ltr'><strong>est,</strong></span> <span class='ocrx_word' id='word_1_18' title='bbox 267 601 435 680; x_wconf 82' lang='lat' dir='ltr'><strong>Cleandri</strong></span> <span class='ocrx_word' id='word_1_19' title='bbox 461 621 631 702; x_wconf 89' lang='lat' dir='ltr'><strong>metn,ne</strong></span> <span class='ocrx_word' id='word_1_20' title='bbox 657 603 857 706; x_wconf 85' lang='lat' dir='ltr'><strong>offenderet</strong></span> <span class='ocrx_word' id='word_1_21' title='bbox 881 631 1011 706; x_wconf 89' lang='lat' dir='ltr'><strong>regem.</strong></span> <span class='ocrx_word' id='word_1_22' title='bbox 1050 602 1270 677; x_wconf 73' lang='lat' dir='ltr'><strong>Pertinacius</strong></span> <span class='ocrx_word' id='word_1_23' title='bbox 1283 602 1410 676; x_wconf 91' lang='lat' dir='ltr'><strong>deinde</strong></span> 
     </span>
     <span class='ocr_line' id='line_1_4' title="bbox 162 711 1410 811; baseline 0.001 -27"><span class='ocrx_word' id='word_1_24' title='bbox 162 715 423 811; x_wconf 72' lang='lat' dir='ltr'><strong>precantibus,</strong></span> <span class='ocrx_word' id='word_1_25' title='bbox 458 719 647 793; x_wconf 82' lang='lat' dir='ltr'><strong>materiem</strong></span> <span class='ocrx_word' id='word_1_26' title='bbox 673 717 970 790; x_wconf 82' lang='lat' dir='ltr'><strong>consternationis</strong></span> <span class='ocrx_word' id='word_1_27' title='bbox 996 711 1275 788; x_wconf 90' lang='lat' dir='ltr'><strong>subtrahendam</strong></span> <span class='ocrx_word' id='word_1_28' title='bbox 1300 721 1410 804; x_wconf 87' lang='lat' dir='ltr'><strong>ratus,</strong></span> 
     </span>
    </p>

    <p class='ocr_par' dir='ltr' id='par_1_3' title="bbox 96 822 1412 1012">
     <span class='ocr_line' id='line_1_5' title="bbox 96 822 1412 926; baseline -0.002 -29"><span class='ocrx_word' id='word_1_29' title='bbox 96 839 138 888; x_wconf 74' lang='lat'><strong>³³</strong></span> <span class='ocrx_word' id='word_1_30' title='bbox 163 825 288 923; x_wconf 83' lang='lat' dir='ltr'><strong>capite</strong></span> <span class='ocrx_word' id='word_1_31' title='bbox 313 827 445 908; x_wconf 85' lang='lat' dir='ltr'><strong>,deciso</strong></span> <span class='ocrx_word' id='word_1_32' title='bbox 471 839 640 901; x_wconf 87' lang='lat' dir='ltr'><strong>truncum</strong></span> <span class='ocrx_word' id='word_1_33' title='bbox 673 827 822 902; x_wconf 90' lang='lat' dir='ltr'><strong>humare</strong></span> <span class='ocrx_word' id='word_1_34' title='bbox 853 827 1021 926; x_wconf 81' lang='lat' dir='ltr'><strong>permisit.</strong></span> <span class='ocrx_word' id='word_1_35' title='bbox 1072 822 1133 897; x_wconf 85' lang='lat' dir='ltr'><strong>Ad</strong></span> <span class='ocrx_word' id='word_1_36' title='bbox 1157 847 1278 922; x_wconf 89' lang='lat' dir='ltr'><strong>regem</strong></span> <span class='ocrx_word' id='word_1_37' title='bbox 1304 831 1412 920; x_wconf 89' lang='lat' dir='ltr'><strong>caput</strong></span> 
     </span>
     <span class='ocr_line' id='line_1_6' title="bbox 162 936 411 1012; baseline -0.008 0"><span class='ocrx_word' id='word_1_38' title='bbox 162 936 320 1012; x_wconf 88' lang='lat' dir='ltr'><strong>missum</strong></span> <span class='ocrx_word' id='word_1_39' title='bbox 345 951 411 1012; x_wconf 83' lang='lat' dir='ltr'><strong>est.</strong></span> 
     </span>
    </p>

    <p class='ocr_par' dir='ltr' id='par_1_4' title="bbox 273 1043 1410 1142">
     <span class='ocr_line' id='line_1_7' title="bbox 273 1043 1410 1142; baseline -0.005 -21"><span class='ocrx_word' id='word_1_40' title='bbox 273 1047 345 1121; x_wconf 93' lang='lat' dir='ltr'><strong>Hic</strong></span> <span class='ocrx_word' id='word_1_41' title='bbox 379 1049 500 1124; x_wconf 84' lang='lat' dir='ltr'><strong>exitus</strong></span> <span class='ocrx_word' id='word_1_42' title='bbox 534 1048 781 1124; x_wconf 88' lang='lat' dir='ltr'><strong>Parmenionis</strong></span> <span class='ocrx_word' id='word_1_43' title='bbox 816 1049 901 1138; x_wconf 83' lang='lat' dir='ltr'><strong>fuit,</strong></span> <span class='ocrx_word' id='word_1_44' title='bbox 940 1045 1085 1120; x_wconf 89' lang='lat' dir='ltr'><strong>militiae</strong></span> <span class='ocrx_word' id='word_1_45' title='bbox 1125 1043 1292 1142; x_wconf 90' lang='lat' dir='ltr'><strong>domique</strong></span> <span class='ocrx_word' id='word_1_46' title='bbox 1326 1043 1410 1116; x_wconf 86' lang='lat' dir='ltr'><strong>clari</strong></span> 
     </span>
    </p>

    <p class='ocr_par' dir='ltr' id='par_1_5' title="bbox 91 1155 1431 1698">
     <span class='ocr_line' id='line_1_8' title="bbox 91 1155 1412 1260; baseline -0.002 -30"><span class='ocrx_word' id='word_1_47' title='bbox 91 1249 97 1256; x_wconf 79' lang='lat'><strong><em>‚</em></strong></span> <span class='ocrx_word' id='word_1_48' title='bbox 169 1157 249 1230; x_wconf 82' lang='lat' dir='ltr'><strong>viri.</strong></span> <span class='ocrx_word' id='word_1_49' title='bbox 302 1155 419 1233; x_wconf 87' lang='lat' dir='ltr'><strong>Multa</strong></span> <span class='ocrx_word' id='word_1_50' title='bbox 443 1160 521 1234; x_wconf 91' lang='lat' dir='ltr'><strong>sine</strong></span> <span class='ocrx_word' id='word_1_51' title='bbox 547 1184 634 1260; x_wconf 90' lang='lat' dir='ltr'><strong>rege</strong></span> <span class='ocrx_word' id='word_1_52' title='bbox 659 1183 847 1258; x_wconf 90' lang='lat' dir='ltr'><strong>prospere,</strong></span> <span class='ocrx_word' id='word_1_53' title='bbox 873 1183 938 1231; x_wconf 87' lang='lat' dir='ltr'><strong>rex</strong></span> <span class='ocrx_word' id='word_1_54' title='bbox 963 1159 1039 1230; x_wconf 86' lang='lat' dir='ltr'><strong>sine</strong></span> <span class='ocrx_word' id='word_1_55' title='bbox 1063 1157 1124 1229; x_wconf 92' lang='lat' dir='ltr'><strong>illo</strong></span> <span class='ocrx_word' id='word_1_56' title='bbox 1149 1155 1236 1228; x_wconf 91' lang='lat' dir='ltr'><strong>nihil</strong></span> <span class='ocrx_word' id='word_1_57' title='bbox 1261 1175 1412 1254; x_wconf 84' lang='lat' dir='ltr'><strong>magnae</strong></span> 
     </span>
     <span class='ocr_line' id='line_1_9' title="bbox 168 1266 1431 1367; baseline -0.001 -28"><span class='ocrx_word' id='word_1_58' title='bbox 168 1267 222 1340; x_wconf 91' lang='lat' dir='ltr'><strong>rei</strong></span> <span class='ocrx_word' id='word_1_59' title='bbox 257 1281 431 1366; x_wconf 81' lang='lat' dir='ltr'><strong>gesserat</strong></span> <span class='ocrx_word' id='word_1_60' title='bbox 484 1269 703 1344; x_wconf 89' lang='lat' dir='ltr'><strong>Felicissimo</strong></span> <span class='ocrx_word' id='word_1_61' title='bbox 729 1269 820 1367; x_wconf 78' lang='lat' dir='ltr'><strong>regi,</strong></span> <span class='ocrx_word' id='word_1_62' title='bbox 856 1279 895 1342; x_wconf 90' lang='lat' dir='ltr'><strong>et</strong></span> <span class='ocrx_word' id='word_1_63' title='bbox 922 1269 1040 1343; x_wconf 90' lang='lat' dir='ltr'><strong>omnia</strong></span> <span class='ocrx_word' id='word_1_64' title='bbox 1063 1266 1112 1341; x_wconf 86' lang='lat' dir='ltr'><strong>ad</strong></span> <span class='ocrx_word' id='word_1_65' title='bbox 1137 1268 1300 1340; x_wconf 84' lang='lat' dir='ltr'><strong>fortunae</strong></span> <span class='ocrx_word' id='word_1_66' title='bbox 1326 1289 1431 1340; x_wconf 87' lang='lat' dir='ltr'><strong>suae·</strong></span> 
     </span>
     <span class='ocr_line' id='line_1_10' title="bbox 170 1375 1411 1478; baseline -0.006 -24"><span class='ocrx_word' id='word_1_67' title='bbox 170 1378 333 1478; x_wconf 82' lang='lat' dir='ltr'><strong>exigenti</strong></span> <span class='ocrx_word' id='word_1_68' title='bbox 358 1380 517 1472; x_wconf 91' lang='lat' dir='ltr'><strong>modum,</strong></span> <span class='ocrx_word' id='word_1_69' title='bbox 544 1379 726 1454; x_wconf 77' lang='lat' dir='ltr'><strong>satisfecit.</strong></span> <span class='ocrx_word' id='word_1_70' title='bbox 764 1401 843 1452; x_wconf 78' lang='lat' dir='ltr'><strong>axx</strong></span> <span class='ocrx_word' id='word_1_71' title='bbox 867 1390 975 1452; x_wconf 89' lang='lat' dir='ltr'><strong>natus</strong></span> <span class='ocrx_word' id='word_1_72' title='bbox 1000 1403 1123 1470; x_wconf 90' lang='lat' dir='ltr'><strong>annos,</strong></span> <span class='ocrx_word' id='word_1_73' title='bbox 1149 1377 1285 1458; x_wconf 83' lang='lat' dir='ltr'><strong>iuvenis</strong></span> <span class='ocrx_word' id='word_1_74' title='bbox 1310 1375 1411 1448; x_wconf 89' lang='lat' dir='ltr'><strong>ducis</strong></span> 
     </span>
     <span class='ocr_line' id='line_1_11' title="bbox 170 1486 1411 1588; baseline -0.002 -27"><span class='ocrx_word' id='word_1_75' title='bbox 170 1499 210 1562; x_wconf 86' lang='lat' dir='ltr'><strong>et</strong></span> <span class='ocrx_word' id='word_1_76' title='bbox 235 1513 347 1588; x_wconf 87' lang='lat' dir='ltr'><strong>saepe</strong></span> <span class='ocrx_word' id='word_1_77' title='bbox 372 1490 482 1563; x_wconf 88' lang='lat' dir='ltr'><strong>etiam</strong></span> <span class='ocrx_word' id='word_1_78' title='bbox 507 1489 665 1588; x_wconf 89' lang='lat' dir='ltr'><strong>gregarii</strong></span> <span class='ocrx_word' id='word_1_79' title='bbox 689 1489 810 1562; x_wconf 89' lang='lat' dir='ltr'><strong>militis</strong></span> <span class='ocrx_word' id='word_1_80' title='bbox 836 1489 958 1563; x_wconf 88' lang='lat' dir='ltr'><strong>munia</strong></span> <span class='ocrx_word' id='word_1_81' title='bbox 982 1490 1159 1588; x_wconf 86' lang='lat' dir='ltr'><strong>explevit:</strong></span> <span class='ocrx_word' id='word_1_82' title='bbox 1193 1511 1274 1562; x_wconf 82' lang='lat' dir='ltr'><strong>acer</strong></span> <span class='ocrx_word' id='word_1_83' title='bbox 1299 1486 1411 1561; x_wconf 90' lang='lat' dir='ltr'><strong>consi·</strong></span> 
     </span>
     <span class='ocr_line' id='line_1_12' title="bbox 167 1599 1412 1698; baseline -0.002 -26"><span class='ocrx_word' id='word_1_84' title='bbox 167 1599 230 1691; x_wconf 90' lang='lat' dir='ltr'><strong>lio,</strong></span> <span class='ocrx_word' id='word_1_85' title='bbox 256 1624 367 1672; x_wconf 89' lang='lat' dir='ltr'><strong>manu</strong></span> <span class='ocrx_word' id='word_1_86' title='bbox 393 1609 572 1692; x_wconf 85' lang='lat' dir='ltr'><strong>strenuus,</strong></span> <span class='ocrx_word' id='word_1_87' title='bbox 599 1623 704 1673; x_wconf 90' lang='lat' dir='ltr'><strong>carus</strong></span> <span class='ocrx_word' id='word_1_88' title='bbox 734 1599 972 1698; x_wconf 87' lang='lat' dir='ltr'><strong>principibus,</strong></span> <span class='ocrx_word' id='word_1_89' title='bbox 1006 1600 1115 1697; x_wconf 87' lang='lat' dir='ltr'><strong>vulgo</strong></span> <span class='ocrx_word' id='word_1_90' title='bbox 1141 1599 1291 1672; x_wconf 89' lang='lat' dir='ltr'><strong>militum</strong></span> <span class='ocrx_word' id='word_1_91' title='bbox 1316 1621 1412 1670; x_wconf 88' lang='lat' dir='ltr'><strong>aoce-</strong></span> 
     </span>
    </p>

    <p class='ocr_par' dir='ltr' id='par_1_6' title="bbox 109 1707 1412 2249">
     <span class='ocr_line' id='line_1_13' title="bbox 109 1707 1412 1809; baseline 0.001 -28"><span class='ocrx_word' id='word_1_92' title='bbox 109 1725 151 1774; x_wconf 71' lang='lat'><strong>34</strong></span> <span class='ocrx_word' id='word_1_93' title='bbox 170 1709 278 1806; x_wconf 88' lang='lat' dir='ltr'><strong>ptior.</strong></span> <span class='ocrx_word' id='word_1_94' title='bbox 317 1707 419 1784; x_wconf 87' lang='lat' dir='ltr'><strong>Haec</strong></span> <span class='ocrx_word' id='word_1_95' title='bbox 443 1711 652 1809; x_wconf 89' lang='lat' dir='ltr'><strong>impulerint</strong></span> <span class='ocrx_word' id='word_1_96' title='bbox 675 1711 775 1783; x_wconf 90' lang='lat' dir='ltr'><strong>illum</strong></span> <span class='ocrx_word' id='word_1_97' title='bbox 799 1709 847 1784; x_wconf 90' lang='lat' dir='ltr'><strong>ad</strong></span> <span class='ocrx_word' id='word_1_98' title='bbox 873 1711 973 1808; x_wconf 88' lang='lat' dir='ltr'><strong>regni</strong></span> <span class='ocrx_word' id='word_1_99' title='bbox 998 1709 1238 1808; x_wconf 81' lang='lat' dir='ltr'><strong>cupiditatem,</strong></span> <span class='ocrx_word' id='word_1_100' title='bbox 1264 1735 1311 1783; x_wconf 89' lang='lat' dir='ltr'><strong>an</strong></span> <span class='ocrx_word' id='word_1_101' title='bbox 1336 1719 1412 1782; x_wconf 85' lang='lat' dir='ltr'><strong>tan·</strong></span> 
     </span>
     <span class='ocr_line' id='line_1_14' title="bbox 170 1818 1411 1920; baseline -0.001 -28"><span class='ocrx_word' id='word_1_102' title='bbox 170 1829 252 1892; x_wconf 89' lang='lat' dir='ltr'><strong>tum</strong></span> <span class='ocrx_word' id='word_1_103' title='bbox 271 1832 488 1918; x_wconf 82' lang='lat' dir='ltr'><strong>suspectum</strong></span> <span class='ocrx_word' id='word_1_104' title='bbox 512 1821 679 1914; x_wconf 79' lang='lat' dir='ltr'><strong>fecerint,</strong></span> <span class='ocrx_word' id='word_1_105' title='bbox 713 1821 845 1920; x_wconf 87' lang='lat' dir='ltr'><strong>ambigi</strong></span> <span class='ocrx_word' id='word_1_106' title='bbox 870 1831 1006 1918; x_wconf 86' lang='lat' dir='ltr'><strong>potest,</strong></span> <span class='ocrx_word' id='word_1_107' title='bbox 1039 1822 1123 1919; x_wconf 89' lang='lat' dir='ltr'><strong>quia</strong></span> <span class='ocrx_word' id='word_1_108' title='bbox 1148 1819 1307 1894; x_wconf 88' lang='lat' dir='ltr'><strong>Philotas</strong></span> <span class='ocrx_word' id='word_1_109' title='bbox 1333 1818 1411 1891; x_wconf 89' lang='lat' dir='ltr'><strong>ulti·</strong></span> 
     </span>
     <span class='ocr_line' id='line_1_15' title="bbox 170 1928 1412 2028; baseline -0.001 -25"><span class='ocrx_word' id='word_1_110' title='bbox 170 1929 240 2003; x_wconf 91' lang='lat' dir='ltr'><strong>mis</strong></span> <span class='ocrx_word' id='word_1_111' title='bbox 273 1930 491 2006; x_wconf 87' lang='lat' dir='ltr'><strong>cruciatibus</strong></span> <span class='ocrx_word' id='word_1_112' title='bbox 523 1931 642 2006; x_wconf 83' lang='lat' dir='ltr'><strong>victus</strong></span> <span class='ocrx_word' id='word_1_113' title='bbox 675 1955 809 2007; x_wconf 82' lang='lat' dir='ltr'><strong>verane</strong></span> <span class='ocrx_word' id='word_1_114' title='bbox 840 1929 988 2022; x_wconf 83' lang='lat' dir='ltr'><strong>dixerit,</strong></span> <span class='ocrx_word' id='word_1_115' title='bbox 1021 1955 1112 2028; x_wconf 92' lang='lat' dir='ltr'><strong>quae</strong></span> <span class='ocrx_word' id='word_1_116' title='bbox 1142 1931 1239 2004; x_wconf 86' lang='lat' dir='ltr'><strong>facta</strong></span> <span class='ocrx_word' id='word_1_117' title='bbox 1269 1928 1412 2028; x_wconf 87' lang='lat' dir='ltr'><strong>probari</strong></span> 
     </span>
     <span class='ocr_line' id='line_1_16' title="bbox 152 2040 1411 2142; baseline 0 -30"><span class='ocrx_word' id='word_1_118' title='bbox 152 2063 246 2113; x_wconf 90' lang='lat' dir='ltr'><strong>·non</strong></span> <span class='ocrx_word' id='word_1_119' title='bbox 270 2051 452 2139; x_wconf 85' lang='lat' dir='ltr'><strong>poterant,</strong></span> <span class='ocrx_word' id='word_1_120' title='bbox 478 2067 527 2116; x_wconf 91' lang='lat' dir='ltr'><strong>an</strong></span> <span class='ocrx_word' id='word_1_121' title='bbox 550 2041 650 2142; x_wconf 80' lang='lat' dir='ltr'><strong>¹falsis</strong></span> <span class='ocrx_word' id='word_1_122' title='bbox 676 2049 936 2122; x_wconf 77' lang='lat' dir='ltr'><strong>tormentorum</strong></span> <span class='ocrx_word' id='word_1_123' title='bbox 961 2040 1104 2140; x_wconf 90' lang='lat' dir='ltr'><strong>petierit</strong></span> <span class='ocrx_word' id='word_1_124' title='bbox 1127 2042 1244 2133; x_wconf 89' lang='lat' dir='ltr'><strong>finem,</strong></span> <span class='ocrx_word' id='word_1_125' title='bbox 1261 2065 1302 2114; x_wconf 89' lang='lat' dir='ltr'><strong>re</strong></span> <span class='ocrx_word' id='word_1_126' title='bbox 1327 2063 1411 2138; x_wconf 81' lang='lat' dir='ltr'><strong>quo</strong></span> 
     </span>
     <span class='ocr_line' id='line_1_17' title="bbox 172 2149 1303 2249; baseline 0 -25"><span class='ocrx_word' id='word_1_127' title='bbox 172 2175 243 2248; x_wconf 90' lang='lat' dir='ltr'><strong>que</strong></span> <span class='ocrx_word' id='word_1_128' title='bbox 269 2153 420 2244; x_wconf 89' lang='lat' dir='ltr'><strong>recenti,</strong></span> <span class='ocrx_word' id='word_1_129' title='bbox 443 2177 526 2226; x_wconf 93' lang='lat' dir='ltr'><strong>cum</strong></span> <span class='ocrx_word' id='word_1_130' title='bbox 552 2150 667 2249; x_wconf 87' lang='lat' dir='ltr'><strong>magis</strong></span> <span class='ocrx_word' id='word_1_131' title='bbox 692 2161 816 2249; x_wconf 87' lang='lat' dir='ltr'><strong>posset</strong></span> <span class='ocrx_word' id='word_1_132' title='bbox 841 2149 984 2247; x_wconf 86' lang='lat' dir='ltr'><strong>liquere,</strong></span> <span class='ocrx_word' id='word_1_133' title='bbox 1012 2149 1213 2225; x_wconf 84' lang='lat' dir='ltr'><strong>dubitatum</strong></span> <span class='ocrx_word' id='word_1_134' title='bbox 1239 2163 1303 2226; x_wconf 82' lang='lat' dir='ltr'><strong>est.</strong></span> 
     </span>
    </p>

    <p class='ocr_par' dir='ltr' id='par_1_7' title="bbox 116 2259 1461 2692">
     <span class='ocr_line' id='line_1_18' title="bbox 116 2259 1461 2361; baseline 0 -27"><span class='ocrx_word' id='word_1_135' title='bbox 116 2277 154 2327; x_wconf 74' lang='lat'><strong>³⁵</strong></span> <span class='ocrx_word' id='word_1_136' title='bbox 276 2259 502 2354; x_wconf 83' lang='lat' dir='ltr'><strong>Alexander,</strong></span> <span class='ocrx_word' id='word_1_137' title='bbox 539 2287 630 2361; x_wconf 90' lang='lat' dir='ltr'><strong>quos</strong></span> <span class='ocrx_word' id='word_1_138' title='bbox 662 2261 773 2335; x_wconf 91' lang='lat' dir='ltr'><strong>libere</strong></span> <span class='ocrx_word' id='word_1_139' title='bbox 804 2270 957 2334; x_wconf 89' lang='lat' dir='ltr'><strong>mortem</strong></span> <span class='ocrx_word' id='word_1_140' title='bbox 988 2260 1232 2336; x_wconf 84' lang='lat' dir='ltr'><strong>Parmenionis</strong></span> <span class='ocrx_word' id='word_1_141' title='bbox 1260 2261 1461 2358; x_wconf 89' lang='lat' dir='ltr'><strong>conque-10</strong></span> 
     </span>
     <span class='ocr_line' id='line_1_19' title="bbox 173 2369 1411 2472; baseline -0.001 -28"><span class='ocrx_word' id='word_1_142' title='bbox 173 2381 251 2444; x_wconf 88' lang='lat' dir='ltr'><strong>stos</strong></span> <span class='ocrx_word' id='word_1_143' title='bbox 282 2397 363 2446; x_wconf 88' lang='lat' dir='ltr'><strong>esse</strong></span> <span class='ocrx_word' id='word_1_144' title='bbox 397 2382 638 2472; x_wconf 90' lang='lat' dir='ltr'><strong>compererat,</strong></span> <span class='ocrx_word' id='word_1_145' title='bbox 673 2369 892 2470; x_wconf 89' lang='lat' dir='ltr'><strong>separandos</strong></span> <span class='ocrx_word' id='word_1_146' title='bbox 918 2395 940 2444; x_wconf 86' lang='lat' dir='ltr'><strong>a</strong></span> <span class='ocrx_word' id='word_1_147' title='bbox 966 2381 1084 2446; x_wconf 89' lang='lat' dir='ltr'><strong>cetero</strong></span> <span class='ocrx_word' id='word_1_148' title='bbox 1117 2373 1274 2448; x_wconf 85' lang='lat' dir='ltr'><strong>exercitu</strong></span> <span class='ocrx_word' id='word_1_149' title='bbox 1301 2381 1411 2461; x_wconf 89' lang='lat' dir='ltr'><strong>ratus,</strong></span> 
     </span>
     <span class='ocr_line' id='line_1_20' title="bbox 173 2480 1411 2579; baseline -0.002 -24"><span class='ocrx_word' id='word_1_150' title='bbox 173 2481 212 2555; x_wconf 89' lang='lat' dir='ltr'><strong>&#39;m</strong></span> <span class='ocrx_word' id='word_1_151' title='bbox 237 2507 348 2556; x_wconf 89' lang='lat' dir='ltr'><strong>unam</strong></span> <span class='ocrx_word' id='word_1_152' title='bbox 371 2483 559 2558; x_wconf 87' lang='lat' dir='ltr'><strong>cohortem</strong></span> <span class='ocrx_word' id='word_1_153' title='bbox 585 2483 754 2574; x_wconf 89' lang='lat' dir='ltr'><strong>secrevit,</strong></span> <span class='ocrx_word' id='word_1_154' title='bbox 780 2480 978 2579; x_wconf 89' lang='lat' dir='ltr'><strong>ducemque</strong></span> <span class='ocrx_word' id='word_1_155' title='bbox 1003 2483 1057 2556; x_wconf 88' lang='lat' dir='ltr'><strong>his</strong></span> <span class='ocrx_word' id='word_1_156' title='bbox 1082 2481 1278 2557; x_wconf 88' lang='lat' dir='ltr'><strong>Leonidam</strong></span> <span class='ocrx_word' id='word_1_157' title='bbox 1303 2481 1411 2574; x_wconf 84' lang='lat' dir='ltr'><strong>dedit,</strong></span> 
     </span>
     <span class='ocr_line' id='line_1_21' title="bbox 174 2591 1412 2692; baseline 0 -26"><span class='ocrx_word' id='word_1_158' title='bbox 174 2603 214 2666; x_wconf 86' lang='lat' dir='ltr'><strong>et</strong></span> <span class='ocrx_word' id='word_1_159' title='bbox 245 2593 364 2692; x_wconf 91' lang='lat' dir='ltr'><strong>ipsum</strong></span> <span class='ocrx_word' id='word_1_160' title='bbox 390 2593 620 2668; x_wconf 88' lang='lat' dir='ltr'><strong>Parmenioni</strong></span> <span class='ocrx_word' id='word_1_161' title='bbox 646 2591 827 2690; x_wconf 80' lang='lat' dir='ltr'><strong>quondam</strong></span> <span class='ocrx_word' id='word_1_162' title='bbox 853 2592 979 2666; x_wconf 88' lang='lat' dir='ltr'><strong>intima</strong></span> <span class='ocrx_word' id='word_1_163' title='bbox 1007 2593 1244 2667; x_wconf 86' lang='lat' dir='ltr'><strong>familiaritate</strong></span> <span class='ocrx_word' id='word_1_164' title='bbox 1270 2593 1412 2667; x_wconf 89' lang='lat' dir='ltr'><strong>coniun-</strong></span> 
     </span>
    </p>

    <p class='ocr_par' dir='ltr' id='par_1_8' title="bbox 119 2685 1415 2801">
     <span class='ocr_line' id='line_1_22' title="bbox 119 2685 1415 2801; baseline 0.006 -31"><span class='ocrx_word' id='word_1_165' title='bbox 119 2721 157 2771; x_wconf 74' lang='grc' dir='ltr'><strong>ιι</strong></span> <span class='ocrx_word' id='word_1_166' title='bbox 175 2715 284 2778; x_wconf 89' lang='lat' dir='ltr'><strong>ctum</strong></span> <span class='ocrx_word' id='word_1_167' title='bbox 332 2699 427 2780; x_wconf 86' lang='lat' dir='ltr'><strong>¹Fere</strong></span> <span class='ocrx_word' id='word_1_168' title='bbox 453 2703 562 2778; x_wconf 91' lang='lat' dir='ltr'><strong>iidem</strong></span> <span class='ocrx_word' id='word_1_169' title='bbox 587 2685 715 2794; x_wconf 57' lang='lat' dir='ltr'><strong>erant?</strong></span> <span class='ocrx_word' id='word_1_170' title='bbox 730 2726 829 2801; x_wconf 52' lang='lat' dir='ltr'><strong>‘quos</strong></span> <span class='ocrx_word' id='word_1_171' title='bbox 856 2703 1010 2801; x_wconf 89' lang='lat' dir='ltr'><strong>alioquin</strong></span> <span class='ocrx_word' id='word_1_172' title='bbox 1035 2729 1101 2778; x_wconf 87' lang='lat' dir='ltr'><strong>rex</strong></span> <span class='ocrx_word' id='word_1_173' title='bbox 1126 2704 1302 2778; x_wconf 87' lang='lat' dir='ltr'><strong>habuerat</strong></span> <span class='ocrx_word' id='word_1_174' title='bbox 1326 2705 1415 2778; x_wconf 79' lang='lat' dir='ltr'><strong>invi·¹</strong></span> 
     </span>
    </p>

    <p class='ocr_par' dir='ltr' id='par_1_9' title="bbox 39 2813 1413 3024">
     <span class='ocr_line' id='line_1_23' title="bbox 39 2813 1411 2915; baseline -0.001 -27"><span class='ocrx_word' id='word_1_175' title='bbox 39 2821 46 2834; x_wconf 86' lang='grc'><strong>’</strong></span> <span class='ocrx_word' id='word_1_176' title='bbox 149 2813 248 2888; x_wconf 80' lang='lat' dir='ltr'><strong>sos.</strong></span> <span class='ocrx_word' id='word_1_177' title='bbox 299 2813 395 2888; x_wconf 86' lang='lat' dir='ltr'><strong>Nam</strong></span> <span class='ocrx_word' id='word_1_178' title='bbox 428 2839 511 2889; x_wconf 91' lang='lat' dir='ltr'><strong>cum</strong></span> <span class='ocrx_word' id='word_1_179' title='bbox 536 2815 693 2915; x_wconf 83' lang='lat' dir='ltr'><strong>experiri</strong></span> <span class='ocrx_word' id='word_1_180' title='bbox 718 2814 829 2889; x_wconf 89' lang='lat' dir='ltr'><strong>vellet</strong></span> <span class='ocrx_word' id='word_1_181' title='bbox 852 2813 1004 2888; x_wconf 85' lang='lat' dir='ltr'><strong>militum</strong></span> <span class='ocrx_word' id='word_1_182' title='bbox 1029 2815 1182 2907; x_wconf 90' lang='lat' dir='ltr'><strong>animos,</strong></span> <span class='ocrx_word' id='word_1_183' title='bbox 1218 2815 1411 2906; x_wconf 86' lang='lat' dir='ltr'><strong>admonuit,</strong></span> 
     </span>
     <span class='ocr_line' id='line_1_24' title="bbox 174 2923 1413 3024; baseline 0 -26"><span class='ocrx_word' id='word_1_184' title='bbox 174 2924 237 3022; x_wconf 92' lang='lat' dir='ltr'><strong>qui</strong></span> <span class='ocrx_word' id='word_1_185' title='bbox 272 2925 411 3000; x_wconf 87' lang='lat' dir='ltr'><strong>litteras</strong></span> <span class='ocrx_word' id='word_1_186' title='bbox 442 2927 481 3000; x_wconf 91' lang='lat' dir='ltr'><strong>in</strong></span> <span class='ocrx_word' id='word_1_187' title='bbox 506 2923 755 3001; x_wconf 87' lang='lat' dir='ltr'><strong>Macedoniam</strong></span> <span class='ocrx_word' id='word_1_188' title='bbox 780 2923 828 2998; x_wconf 89' lang='lat' dir='ltr'><strong>ad</strong></span> <span class='ocrx_word' id='word_1_189' title='bbox 854 2947 939 2998; x_wconf 90' lang='lat' dir='ltr'><strong>suos</strong></span> <span class='ocrx_word' id='word_1_190' title='bbox 964 2925 1180 3024; x_wconf 88' lang='lat' dir='ltr'><strong>scripsisset,</strong></span> <span class='ocrx_word' id='word_1_191' title='bbox 1214 2927 1287 3019; x_wconf 88' lang='lat' dir='ltr'><strong>his,</strong></span> <span class='ocrx_word' id='word_1_192' title='bbox 1323 2951 1413 3024; x_wconf 91' lang='lat' dir='ltr'><strong>quos</strong></span> 
     </span>
    </p>

    <p class='ocr_par' dir='ltr' id='par_1_10' title="bbox 48 3027 1414 3272">
     <span class='ocr_line' id='line_1_25' title="bbox 48 3027 1414 3136; baseline 0.001 -28"><span class='ocrx_word' id='word_1_193' title='bbox 48 3129 52 3136; x_wconf 22' lang='grc' dir='ltr'>ι</span> <span class='ocrx_word' id='word_1_194' title='bbox 174 3035 253 3134; x_wconf 89' lang='lat' dir='ltr'><strong>ipse</strong></span> <span class='ocrx_word' id='word_1_195' title='bbox 278 3035 456 3129; x_wconf 87' lang='lat' dir='ltr'><strong>mittebat,</strong></span> <span class='ocrx_word' id='word_1_196' title='bbox 482 3031 675 3136; x_wconf 80' lang='lat' dir='ltr'><strong>perlaturis</strong></span> <span class='ocrx_word' id='word_1_197' title='bbox 701 3061 782 3110; x_wconf 91' lang='lat' dir='ltr'><strong>cum</strong></span> <span class='ocrx_word' id='word_1_198' title='bbox 807 3033 889 3126; x_wconf 89' lang='lat' dir='ltr'><strong>fide,</strong></span> <span class='ocrx_word' id='word_1_199' title='bbox 905 3027 1082 3109; x_wconf 71' lang='lat' dir='ltr'><strong>&#39;traderet</strong></span> <span class='ocrx_word' id='word_1_200' title='bbox 1130 3031 1341 3135; x_wconf 88' lang='lat' dir='ltr'><strong>Simpliciter</strong></span> <span class='ocrx_word' id='word_1_201' title='bbox 1366 3035 1414 3110; x_wconf 88' lang='lat' dir='ltr'><strong>ad</strong></span> 
     </span>
     <span class='ocr_line' id='line_1_26' title="bbox 174 3147 1411 3272; baseline 0.002 -54"><span class='ocrx_word' id='word_1_202' title='bbox 174 3147 397 3272; x_wconf 58' lang='lat' dir='ltr'><strong>necessarios</strong></span> <span class='ocrx_word' id='word_1_203' title='bbox 427 3171 513 3222; x_wconf 88' lang='lat' dir='ltr'><strong>suos</strong></span> <span class='ocrx_word' id='word_1_204' title='bbox 550 3147 701 3246; x_wconf 87' lang='lat' dir='ltr'><strong>quisque</strong></span> <span class='ocrx_word' id='word_1_205' title='bbox 734 3149 941 3249; x_wconf 87' lang='lat' dir='ltr'><strong>scripserat,</strong></span> <span class='ocrx_word' id='word_1_206' title='bbox 978 3171 1069 3245; x_wconf 86' lang='lat' dir='ltr'><strong>quaa</strong></span> <span class='ocrx_word' id='word_1_207' title='bbox 1108 3148 1301 3222; x_wconf 86' lang='lat' dir='ltr'><strong>sentiebat:</strong></span> <span class='ocrx_word' id='word_1_208' title='bbox 1335 3147 1411 3220; x_wconf 86' lang='lat' dir='ltr'><strong>aliis</strong></span> 
     </span>
    </p>
   </div>
   <div class='ocr_carea' id='block_1_3' title="bbox 70 3431 1500 4460">
    <p class='ocr_par' dir='ltr' id='par_1_11' title="bbox 70 3431 1500 4460">
     <span class='ocr_line' id='line_1_27' title="bbox 182 3431 1413 3516; baseline 0.001 -31"><span class='ocrx_word' id='word_1_209' title='bbox 182 3449 184 3453; x_wconf 93' lang='lat'>·</span> <span class='ocrx_word' id='word_1_210' title='bbox 209 3434 234 3501; x_wconf 69' lang='grc'><strong>5.</strong></span> <span class='ocrx_word' id='word_1_211' title='bbox 251 3437 294 3486; x_wconf 74' lang='grc'><strong>82.</strong></span> <span class='ocrx_word' id='word_1_212' title='bbox 328 3432 386 3486; x_wconf 83' lang='lat' dir='ltr'><strong>Diu</strong></span> <span class='ocrx_word' id='word_1_213' title='bbox 402 3433 434 3486; x_wconf 78' lang='lat' dir='ltr'><strong>id</strong></span> <span class='ocrx_word' id='word_1_214' title='bbox 449 3435 582 3516; x_wconf 69' lang='grc' dir='ltr'><strong>ιῳᾳιιιιιι]</strong></span> <span class='ocrx_word' id='word_1_215' title='bbox 618 3433 729 3512; x_wconf 87' lang='lat' dir='ltr'><strong>Omittit</strong></span> <span class='ocrx_word' id='word_1_216' title='bbox 751 3435 783 3516; x_wconf 62' lang='lat' dir='ltr'><strong>{d</strong></span> <span class='ocrx_word' id='word_1_217' title='bbox 815 3431 844 3487; x_wconf 91' lang='lat' dir='ltr'><strong>in</strong></span> <span class='ocrx_word' id='word_1_218' title='bbox 860 3431 1116 3516; x_wconf 71' lang='lat' dir='ltr'><strong>ceterirocdicibur,</strong></span> <span class='ocrx_word' id='word_1_219' title='bbox 1138 3449 1211 3515; x_wconf 80' lang='lat' dir='ltr'><strong>¹quos</strong></span> <span class='ocrx_word' id='word_1_220' title='bbox 1235 3432 1350 3486; x_wconf 87' lang='lat' dir='ltr'><strong>nondum</strong></span> <span class='ocrx_word' id='word_1_221' title='bbox 1367 3449 1413 3505; x_wconf 83' lang='lat' dir='ltr'><strong>ap-</strong></span> 
     </span>
     <span class='ocr_line' id='line_1_28' title="bbox 175 3497 1413 3574; baseline 0.002 -22"><span class='ocrx_word' id='word_1_222' title='bbox 175 3497 247 3553; x_wconf 77' lang='lat' dir='ltr'><strong>Flor.</strong></span> <span class='ocrx_word' id='word_1_223' title='bbox 265 3499 298 3553; x_wconf 65' lang='grc' dir='ltr'><strong>Α</strong></span> <span class='ocrx_word' id='word_1_224' title='bbox 339 3499 411 3554; x_wconf 84' lang='lat' dir='ltr'><strong>Tum</strong></span> <span class='ocrx_word' id='word_1_225' title='bbox 435 3501 543 3558; x_wconf 80' lang='lat' dir='ltr'><strong>Medius</strong></span> <span class='ocrx_word' id='word_1_226' title='bbox 570 3520 598 3556; x_wconf 92' lang='grc' dir='ltr'><strong>ιιι</strong></span> <span class='ocrx_word' id='word_1_227' title='bbox 623 3503 781 3558; x_wconf 74' lang='lat' dir='ltr'><strong>menbrana</strong></span> <span class='ocrx_word' id='word_1_228' title='bbox 815 3501 919 3574; x_wconf 77' lang='lat' dir='ltr'><strong>pellavi,</strong></span> <span class='ocrx_word' id='word_1_229' title='bbox 936 3505 1057 3556; x_wconf 71' lang='lat' dir='ltr'><strong>milatium</strong></span> <span class='ocrx_word' id='word_1_230' title='bbox 1073 3502 1203 3571; x_wconf 76' lang='lat' dir='ltr'><strong>capltcmt.</strong></span> <span class='ocrx_word' id='word_1_231' title='bbox 1224 3500 1413 3555; x_wconf 74' lang='lat' dir='ltr'><strong>Verumtamen</strong></span> 
     </span>
     <span class='ocr_line' id='line_1_29' title="bbox 70 3567 1500 3652; baseline 0.003 -33"><span class='ocrx_word' id='word_1_232' title='bbox 70 3639 76 3649; x_wconf 21' lang='grc' dir='ltr'>ι</span> <span class='ocrx_word' id='word_1_233' title='bbox 174 3583 237 3648; x_wconf 46' lang='grc' dir='ltr'><strong>ωε.</strong></span> <span class='ocrx_word' id='word_1_234' title='bbox 252 3567 384 3650; x_wconf 66' lang='grc' dir='ltr'><strong>Οζιαιιᾰνο</strong></span> <span class='ocrx_word' id='word_1_235' title='bbox 397 3579 531 3650; x_wconf 31' lang='lat' dir='ltr'><strong>‘metuam</strong></span> <span class='ocrx_word' id='word_1_236' title='bbox 553 3569 680 3639; x_wconf 79' lang='lat' dir='ltr'><strong>affirmat,</strong></span> <span class='ocrx_word' id='word_1_237' title='bbox 707 3571 781 3652; x_wconf 77' lang='lat' dir='ltr'><strong>cuius</strong></span> <span class='ocrx_word' id='word_1_238' title='bbox 815 3570 880 3652; x_wconf 73' lang='lat' dir='ltr'><strong>nihil</strong></span> <span class='ocrx_word' id='word_1_239' title='bbox 896 3577 981 3638; x_wconf 88' lang='lat' dir='ltr'><strong>muto,</strong></span> <span class='ocrx_word' id='word_1_240' title='bbox 999 3577 1061 3652; x_wconf 74' lang='lat' dir='ltr'><strong>spnt</strong></span> <span class='ocrx_word' id='word_1_241' title='bbox 1077 3568 1147 3623; x_wconf 87' lang='lat' dir='ltr'><strong>enim</strong></span> <span class='ocrx_word' id='word_1_242' title='bbox 1163 3567 1413 3650; x_wconf 73' lang='lat' dir='ltr'><strong>etiamiptegerrimi</strong></span> <span class='ocrx_word' id='word_1_243' title='bbox 1497 3643 1500 3650; x_wconf 16' lang='grc' dir='ltr'><strong><em>Δ</em></strong></span> 
     </span>
     <span class='ocr_line' id='line_1_30' title="bbox 174 3633 1316 3720; baseline 0 -31"><span class='ocrx_word' id='word_1_244' title='bbox 174 3633 295 3714; x_wconf 68' lang='lat' dir='ltr'><strong>lectionis</strong></span> <span class='ocrx_word' id='word_1_245' title='bbox 311 3655 340 3690; x_wconf 86' lang='grc' dir='ltr'><strong>ιιι</strong></span> <span class='ocrx_word' id='word_1_246' title='bbox 356 3635 465 3708; x_wconf 82' lang='lat' dir='ltr'><strong>rehqurs</strong></span> <span class='ocrx_word' id='word_1_247' title='bbox 491 3653 541 3693; x_wconf 90' lang='lat' dir='ltr'><strong>nec</strong></span> <span class='ocrx_word' id='word_1_248' title='bbox 558 3638 619 3720; x_wconf 80' lang='lat' dir='ltr'><strong>vola</strong></span> <span class='ocrx_word' id='word_1_249' title='bbox 635 3655 684 3693; x_wconf 87' lang='lat' dir='ltr'><strong>neo</strong></span> <span class='ocrx_word' id='word_1_250' title='bbox 700 3647 781 3692; x_wconf 77' lang='lat' dir='ltr'><strong>vesu-</strong></span> <span class='ocrx_word' id='word_1_251' title='bbox 816 3639 920 3693; x_wconf 80' lang='lat' dir='ltr'><strong>codices</strong></span> <span class='ocrx_word' id='word_1_252' title='bbox 938 3636 1059 3692; x_wconf 80' lang='lat' dir='ltr'><strong>Curtranr</strong></span> <span class='ocrx_word' id='word_1_253' title='bbox 1075 3637 1201 3719; x_wconf 81' lang='lat' dir='ltr'><strong>mendose</strong></span> <span class='ocrx_word' id='word_1_254' title='bbox 1218 3645 1316 3706; x_wconf 77' lang='lat' dir='ltr'><strong>scripti.</strong></span> 
     </span>
     <span class='ocr_line' id='line_1_31' title="bbox 142 3705 1413 3846; baseline 0.002 -21"><span class='ocrx_word' id='word_1_255' title='bbox 142 3723 161 3766; x_wconf 72' lang='lat'>⁴</span> <span class='ocrx_word' id='word_1_256' title='bbox 201 3713 418 3826; x_wconf 54' lang='lat' dir='ltr'><strong>r&#39;iffmnllb</strong></span> <span class='ocrx_word' id='word_1_257' title='bbox 427 3705 524 3828; x_wconf 58' lang='lat' dir='ltr'><strong>sill?</strong></span> <span class='ocrx_word' id='word_1_258' title='bbox 532 3708 692 3828; x_wconf 63' lang='lat' dir='ltr'><strong>ttet&#39;t</strong></span> <span class='ocrx_word' id='word_1_259' title='bbox 708 3706 782 3830; x_wconf 53' lang='lat' dir='ltr'><strong>Pil</strong></span> <span class='ocrx_word' id='word_1_260' title='bbox 814 3707 985 3846; x_wconf 50' lang='lat' dir='ltr'><strong>edbald</strong></span> <span class='ocrx_word' id='word_1_261' title='bbox 1012 3710 1120 3829; x_wconf 60' lang='lat' dir='ltr'><strong>iolla</strong></span> <span class='ocrx_word' id='word_1_262' title='bbox 1143 3706 1234 3828; x_wconf 47' lang='lat' dir='ltr'><strong>&#39;ilaei</strong></span> <span class='ocrx_word' id='word_1_263' title='bbox 1251 3715 1413 3828; x_wconf 58' lang='lat' dir='ltr'><strong>iiima&#39;i</strong></span> 
     </span>
     <span class='ocr_line' id='line_1_32' title="bbox 107 3815 1413 3914; baseline 0.004 -21"><span class='ocrx_word' id='word_1_264' title='bbox 107 3815 119 3842; x_wconf 66' lang='lat'><em>⁶</em></span> <span class='ocrx_word' id='word_1_265' title='bbox 155 3841 341 3909; x_wconf 64' lang='lat' dir='ltr'><strong>‚precandus</strong></span> <span class='ocrx_word' id='word_1_266' title='bbox 363 3839 391 3894; x_wconf 90' lang='lat' dir='ltr'><strong>in</strong></span> <span class='ocrx_word' id='word_1_267' title='bbox 408 3841 480 3896; x_wconf 81' lang='lat' dir='ltr'><strong>Flor.</strong></span> <span class='ocrx_word' id='word_1_268' title='bbox 499 3839 591 3896; x_wconf 82' lang='lat' dir='ltr'>DFGI</span> <span class='ocrx_word' id='word_1_269' title='bbox 610 3859 662 3912; x_wconf 79' lang='lat' dir='ltr'><strong>par</strong></span> <span class='ocrx_word' id='word_1_270' title='bbox 679 3844 780 3897; x_wconf 69' lang='lat' dir='ltr'><strong>attibrn</strong></span> <span class='ocrx_word' id='word_1_271' title='bbox 814 3859 904 3896; x_wconf 84' lang='lat' dir='ltr'><strong>omnes</strong></span> <span class='ocrx_word' id='word_1_272' title='bbox 921 3849 1075 3912; x_wconf 82' lang='lat' dir='ltr'><strong>agnoscunt,</strong></span> <span class='ocrx_word' id='word_1_273' title='bbox 1101 3841 1212 3895; x_wconf 64' lang='lat' dir='ltr'><strong>andern</strong></span> <span class='ocrx_word' id='word_1_274' title='bbox 1228 3840 1293 3895; x_wconf 88' lang='lat' dir='ltr'><strong>editi</strong></span> <span class='ocrx_word' id='word_1_275' title='bbox 1309 3851 1413 3914; x_wconf 83' lang='lat' dir='ltr'><strong>praeter</strong></span> 
     </span>
     <span class='ocr_line' id='line_1_33' title="bbox 174 3861 1302 3992; baseline 0.002 -30"><span class='ocrx_word' id='word_1_276' title='bbox 174 3914 225 3974; x_wconf 75' lang='lat' dir='ltr'><strong>est,</strong></span> <span class='ocrx_word' id='word_1_277' title='bbox 243 3907 323 3962; x_wconf 72' lang='grc' dir='ltr'><strong>ειὶιιιιι</strong></span> <span class='ocrx_word' id='word_1_278' title='bbox 339 3911 476 3992; x_wconf 60' lang='lat' dir='ltr'><strong>materiam</strong></span> <span class='ocrx_word' id='word_1_279' title='bbox 493 3909 611 3992; x_wconf 41' lang='grc' dir='ltr'><strong>ἱιι.Ι·Ἰοι·ζ</strong></span> <span class='ocrx_word' id='word_1_280' title='bbox 628 3861 753 3966; x_wconf 64' lang='lat' dir='ltr'><strong>udam.</strong></span> <span class='ocrx_word' id='word_1_281' title='bbox 814 3911 888 3966; x_wconf 85' lang='lat' dir='ltr'><strong>Mod</strong></span> <span class='ocrx_word' id='word_1_282' title='bbox 906 3910 1042 3992; x_wconf 77' lang='lat' dir='ltr'><strong>omittunt,</strong></span> <span class='ocrx_word' id='word_1_283' title='bbox 1059 3910 1127 3992; x_wconf 79' lang='lat' dir='ltr'><strong>mele</strong></span> <span class='ocrx_word' id='word_1_284' title='bbox 1144 3908 1172 3964; x_wconf 91' lang='lat' dir='ltr'><strong>hi</strong></span> <span class='ocrx_word' id='word_1_285' title='bbox 1189 3909 1302 3981; x_wconf 83' lang='lat' dir='ltr'><strong>quidem.</strong></span> 
     </span>
     <span class='ocr_line' id='line_1_34' title="bbox 174 3969 1414 4116; baseline 0.002 -19"><span class='ocrx_word' id='word_1_286' title='bbox 174 3969 425 4116; x_wconf 40' lang='lat' dir='ltr'><strong>adamam</strong></span> <span class='ocrx_word' id='word_1_287' title='bbox 432 3977 782 4114; x_wconf 46' lang='lat' dir='ltr'><strong>eppffieplfflpbspp</strong></span> <span class='ocrx_word' id='word_1_288' title='bbox 814 3977 1414 4102; x_wconf 42' lang='lat' dir='ltr'><strong>oegpgtpodiassoqpaoptrgpa.uidffldmpggpui</strong></span> 
     </span>
     <span class='ocr_line' id='line_1_35' title="bbox 137 4108 1413 4197; baseline 0.003 -33"><span class='ocrx_word' id='word_1_289' title='bbox 137 4145 148 4164; x_wconf 77' lang='lat'><strong>.</strong></span> <span class='ocrx_word' id='word_1_290' title='bbox 175 4112 226 4180; x_wconf 92' lang='lat' dir='ltr'><strong>do,</strong></span> <span class='ocrx_word' id='word_1_291' title='bbox 241 4112 338 4196; x_wconf 71' lang='lat' dir='ltr'><strong>lunio,</strong></span> <span class='ocrx_word' id='word_1_292' title='bbox 358 4112 461 4196; x_wconf 35' lang='lat' dir='ltr'><strong>‘deinde</strong></span> <span class='ocrx_word' id='word_1_293' title='bbox 478 4113 584 4168; x_wconf 81' lang='lat' dir='ltr'><strong>Modica</strong></span> <span class='ocrx_word' id='word_1_294' title='bbox 602 4108 676 4168; x_wconf 84' lang='lat' dir='ltr'><strong>dedit</strong></span> <span class='ocrx_word' id='word_1_295' title='bbox 691 4119 780 4196; x_wconf 69' lang='lat' dir='ltr'><strong>munia</strong></span> <span class='ocrx_word' id='word_1_296' title='bbox 849 4118 990 4197; x_wconf 76' lang='lat' dir='ltr'><strong>admonuit.</strong></span> <span class='ocrx_word' id='word_1_297' title='bbox 1031 4113 1143 4170; x_wconf 73' lang='lat' dir='ltr'><strong>Praeter</strong></span> <span class='ocrx_word' id='word_1_298' title='bbox 1220 4114 1292 4169; x_wconf 81' lang='lat' dir='ltr'><strong>Flor.</strong></span> <span class='ocrx_word' id='word_1_299' title='bbox 1323 4131 1413 4168; x_wconf 84' lang='lat' dir='ltr'><strong>omnes</strong></span> 
     </span>
     <span class='ocr_line' id='line_1_36' title="bbox 174 4181 1414 4331; baseline 0 -27"><span class='ocrx_word' id='word_1_300' title='bbox 174 4183 425 4330; x_wconf 55' lang='lat' dir='ltr'><strong>tillfflaltqt‘</strong></span> <span class='ocrx_word' id='word_1_301' title='bbox 441 4181 781 4331; x_wconf 48' lang='lat' dir='ltr'><strong>tltttttfcu</strong></span> <span class='ocrx_word' id='word_1_302' title='bbox 814 4183 1057 4323; x_wconf 58' lang='lat' dir='ltr'><strong>zet-,tta</strong></span> <span class='ocrx_word' id='word_1_303' title='bbox 1090 4199 1287 4323; x_wconf 53' lang='lat' dir='ltr'><strong>..utta</strong></span> <span class='ocrx_word' id='word_1_304' title='bbox 1300 4183 1414 4322; x_wconf 62' lang='lat' dir='ltr'><strong>rsit}</strong></span> 
     </span>
     <span class='ocr_line' id='line_1_37' title="bbox 174 4269 1415 4402; baseline 0.003 -32"><span class='ocrx_word' id='word_1_305' title='bbox 174 4334 231 4388; x_wconf 80' lang='lat' dir='ltr'><strong>ipse</strong></span> <span class='ocrx_word' id='word_1_306' title='bbox 253 4335 361 4390; x_wconf 88' lang='lat' dir='ltr'><strong>quoque</strong></span> <span class='ocrx_word' id='word_1_307' title='bbox 384 4335 476 4400; x_wconf 65' lang='lat' dir='ltr'><strong>versun</strong></span> <span class='ocrx_word' id='word_1_308' title='bbox 503 4319 634 4374; x_wconf 69' lang='lat' dir='ltr'><strong>miramo.</strong></span> <span class='ocrx_word' id='word_1_309' title='bbox 674 4269 728 4374; x_wconf 78' lang='lat' dir='ltr'><strong>Sed</strong></span> <span class='ocrx_word' id='word_1_310' title='bbox 753 4318 781 4373; x_wconf 91' lang='lat' dir='ltr'><strong>in</strong></span> <span class='ocrx_word' id='word_1_311' title='bbox 832 4321 962 4402; x_wconf 68' lang='lat' dir='ltr'><strong>ertatem</strong></span> <span class='ocrx_word' id='word_1_312' title='bbox 980 4319 1021 4373; x_wconf 79' lang='lat' dir='ltr'><strong>rel</strong></span> <span class='ocrx_word' id='word_1_313' title='bbox 1034 4321 1185 4401; x_wconf 57' lang='lat' dir='ltr'><strong>perlaturos</strong></span> <span class='ocrx_word' id='word_1_314' title='bbox 1203 4338 1251 4392; x_wconf 93' lang='lat' dir='ltr'><strong>pro</strong></span> <span class='ocrx_word' id='word_1_315' title='bbox 1268 4319 1339 4392; x_wconf 84' lang='lat' dir='ltr'><strong>vulg.</strong></span> <span class='ocrx_word' id='word_1_316' title='bbox 1351 4337 1415 4388; x_wconf 84' lang='lat' dir='ltr'><strong>per·</strong></span> 
     </span>
     <span class='ocr_line' id='line_1_38' title="bbox 174 4381 1174 4460; baseline 0.002 -20"><span class='ocrx_word' id='word_1_317' title='bbox 174 4385 248 4440; x_wconf 88' lang='lat' dir='ltr'><strong>nullo</strong></span> <span class='ocrx_word' id='word_1_318' title='bbox 262 4395 331 4442; x_wconf 82' lang='lat' dir='ltr'><strong>mato</strong></span> <span class='ocrx_word' id='word_1_319' title='bbox 345 4395 396 4456; x_wconf 83' lang='lat' dir='ltr'><strong>est,</strong></span> <span class='ocrx_word' id='word_1_320' title='bbox 414 4381 493 4460; x_wconf 83' lang='lat' dir='ltr'><strong>rm&#39;tno</strong></span> <span class='ocrx_word' id='word_1_321' title='bbox 509 4405 594 4458; x_wconf 75' lang='lat' dir='ltr'><strong>maror</strong></span> <span class='ocrx_word' id='word_1_322' title='bbox 603 4397 652 4458; x_wconf 63' lang='lat' dir='ltr'><strong>gat</strong></span> <span class='ocrx_word' id='word_1_323' title='bbox 668 4395 781 4444; x_wconf 78' lang='lat' dir='ltr'><strong>venetas</strong></span> <span class='ocrx_word' id='word_1_324' title='bbox 842 4398 922 4457; x_wconf 76' lang='lat' dir='ltr'><strong>tara,</strong></span> <span class='ocrx_word' id='word_1_325' title='bbox 937 4389 1061 4444; x_wconf 81' lang='lat' dir='ltr'><strong>mendose</strong></span> <span class='ocrx_word' id='word_1_326' title='bbox 1078 4405 1174 4444; x_wconf 75' lang='lat' dir='ltr'><strong>omnia.</strong></span> 
     </span>
    </p>
   </div>
   <div class='ocr_carea' id='block_1_4' title="bbox 0 0 1690 5042">
    <p class='ocr_par' dir='ltr' id='par_1_12' title="bbox 0 0 1690 5042">
     <span class='ocr_line' id='line_1_39' title="bbox 0 0 1690 5042; baseline 0 0"><span class='ocrx_word' id='word_1_327' title='bbox 0 0 1690 5042; x_wconf 95' lang='lat' dir='ltr'><strong> </strong></span> 
     </span>
    </p>
   </div>
  </div>
 </body>
</html>
