3346 5044
224 279 318 382 258¹
694 324 728 387 o.
755 319 879 374 cnarn
902 319 988 372 auri

223 502 365 578 abunde
391 455 588 595 constantis
614 505 730 597 animi,
756 517 793 582 et
809 501 947 602 'dignus
972 502 1034 598 qui
1060 501 1210 598 pudicus
1236 512 1347 592 esset,
1360 501 1460 574 nihil

225 641 273 688 ex
306 614 455 712 pristina
497 618 684 692 voluntate
726 625 944 704 mutaverat,
978 610 1044 686 sed
1086 635 1126 686 se
1160 625 1305 712 captum
1339 612 1461 686 Dirrmi

224 752 345 802 amore
371 728 562 803 simulabat
586 729 673 802 nihil
697 753 871 804 recusare.
910 722 1089 800 Sciscitari
1111 721 1198 795 inde
1224 726 1350 820 pergit,
1377 747 1462 796 cum
1480 739 1519 785 1⁴

222 839 350 935 quibus
377 851 500 915 tantae
525 841 578 914 rei
603 841 809 913 societatem
835 839 974 912 inisset:
1001 831 1194 932 plurimum
1219 832 1362 922 referre,
1375 857 1462 930 qua·

222 951 274 1024 les
301 951 368 1024 viri
394 963 469 1025 tam
494 950 715 1024 memorabili
740 948 839 1044 operi
863 946 1043 1020 admoturi
1068 969 1195 1018 maniis
1222 951 1351 1016 essent
1385 942 1459 1029 Ille,
1480 959 1519 1006 is

224 1073 261 1135 et
282 1085 407 1134 amore
433 1071 470 1133 et
495 1059 628 1132 scelere
653 1059 746 1130 mele
771 1081 899 1146 sanus,
931 1058 1037 1129 simul
1068 1057 1202 1154 gratias
1228 1055 1321 1154 agit,
1356 1053 1461 1126 simul

222 1170 441 1270 gratulatur,
468 1166 566 1264 quod
590 1167 789 1242 fortissimis
814 1167 985 1239 iuvenum
1009 1190 1084 1238 non
1110 1166 1311 1240 dubitasset
1335 1191 1374 1240 se
1399 1162 1461 1237 ad·

220 1282 367 1378 iungere
411 1277 612 1370 Demetrio,
653 1278 810 1376 corporis
850 1273 1008 1367 custodi,
1049 1273 1243 1365 Peucolao,
1283 1274 1460 1348 Nicanori.

222 1389 357 1463 Adiioit
388 1389 454 1464 his.
475 1388 745 1487 Aphoebetum‚
777 1388 934 1480 laecum,
965 1387 1187 1478 Dionenum,
1219 1385 1460 1483 Archepolim,

219 1501 427 1602 Amyntam.

172 1615 219 1686 26
324 1611 384 1684 Ab
410 1610 479 1686 hoc
505 1635 669 1685 sermone
694 1609 861 1683 dimissus
886 1609 1124 1684 Nicomachus
1151 1609 1199 1682 ad
1224 1611 1381 1696 fratrem,
1396 1603 1459 1680 ca
1479 1624 1515 1671 1⁶

222 1723 341 1798 balino
373 1731 452 1793 erat
487 1743 635 1809 nomen,
669 1744 761 1816 quae
787 1731 975 1818 acceperat
1007 1719 1132 1792 defert
1184 1719 1317 1807 Placet,
1342 1717 1460 1814 ipsum

222 1832 418 1908 subsistere
443 1829 480 1904 in
504 1829 753 1921 tabernaculo,
778 1855 843 1921 ne,
869 1832 900 1904 si
924 1831 1061 1930 regiain
1086 1829 1274 1918 intrasset,
1305 1853 1379 1902 non
1405 1849 1460 1899 as·

220 1951 345 2016 suetus
372 1938 471 2013 adire
496 1964 634 2038 regem,
661 1941 834 2015 coniurati
860 1939 1023 2039 proditos
1048 1965 1088 2014 se
1113 1963 1193 2014 esse
1218 1940 1461 2013 resciscerent

219 2052 301 2150 Ipse
327 2050 518 2126 Cebalinus
544 2061 628 2124 ante
655 2051 871 2126 vestibulum
895 2053 1024 2150 regiae,
1046 2075 1166 2148 neque
1192 2049 1287 2123 enim
1312 2049 1459 2148 propius
1479 2067 1513 2114 ¹⁷

220 2163 338 2238 aditus
365 2165 398 2238 ei
423 2162 581 2261 patebat,
601 2163 772 2254 consistit,
798 2163 987 2262 opperiens
1013 2161 1167 2258 aliquem
1192 2161 1387 2235 amicorum
1413 2184 1461 2234 cx

218 2389 231 2414 s
255 2365 279 2432 ς.
298 2369 338 2417 ts.
356 2363 405 2415 sed
420 2379 449 2415 se
465 2371 570 2430 capum
601 2361 626 2416 O
648 2360 705 2415 timi
722 2362 822 2416 codices
856 2359 884 2415 iii
894 2359 1039 2416 scribendis
1052 2359 1254 2416 hisnominr'bus
1266 2357 1459 2432 videAppentl

223 2429 298 2484 Leia
320 2429 398 2484 Voss.
418 2435 430 2481 l
450 2429 537 2508 ¹Bern.
644 2447 681 2484 or.
699 2429 748 2483 AB
775 2431 824 2484 sed
856 2429 899 2483 De
916 2429 1047 2484 Peucolao
1070 2429 1134 2483 sstis
1154 2437 1277 2497 constiu,
1299 2444 1459 2500 quamquam

219 2509 310 2580 captus
328 2498 400 2569 quod
416 2513 504 2568 prioie
515 2497 581 2552 edit.
593 2514 744 2568 receperam
764 2497 821 2552 No·
855 2497 883 2568 iil
900 2515 996 2552 nomon
1047 2499 1084 2552 nd
1101 2496 1217 2553 Graecos
1234 2498 1350 2552 nondum
1367 2496 1459 2550 inven-

218 2565 373 2620 mmstirum
396 2583 456 2618 cum
473 2563 608 2622 infinitivo
630 2565 731 2620 Graeco
749 2583 821 2619 more
856 2574 912 2619 tum
938 2575 988 2620 est
1051 2582 1082 2620 ec
1099 2567 1261 2636 Aploebelus
1286 2572 1380 2619 contu
1396 2581 1458 2617 sne·

218 2642 399 2690 constructum
428 2631 589 2688 existimans.
632 2635 687 2688 Sed
716 2641 745 2688 et
775 2633 821 2687 ilia
855 2633 953 2705 logiam
969 2642 1025 2703 est,
1052 2651 1113 2690 cum
1138 2633 1174 2688 sit
1191 2633 1322 2689 Graecum
1347 2633 1458 2687 verbum

219 2702 384 2758 constructio
407 2701 502 2756 sstilo
521 2701 651 2758 Curtianc
668 2702 753 2756 aliens
768 2711 819 2770 cst,
854 2703 984 2774 φοιβάω,
1010 2703 1082 2756 unde
1107 2702 1257 2783 poaflmo's3
1289 2702 1339 2756 sed
1361 2717 1459 2756 nomon

217 2779 247 2824 et
264 2770 350 2825 oratio
371 2769 496 2841 ambigua
521 2769 597 2824 fieret
637 2771 708 2842 quod
725 2769 819 2824 vitium
853 2770 987 2842 proprium
1003 2787 1057 2842 non
1073 2779 1218 2841 repensus:
1237 2771 1385 2840 Aphobetus
1402 2785 1457 2822 ms·

217 2857 235 2892 a
255 2847 354 2894 nostin.
371 2837 501 2908 scriptore
526 2810 617 2908 procul
643 2839 732 2905 abest,
758 2855 818 2892 cuin
852 2838 892 2908 gis
910 2839 997 2911 placet
1013 2855 1063 2894 neo
1078 2847 1167 2894 umen
1184 2838 1283 2894 insisto.
1325 2837 1395 2892 Tum
1413 2838 1459 2890 Io·

217 2918 309 2976 capsus
327 2905 513 2960 referretursd
526 2907 675 2974 simulabat,
693 2907 763 2977 quod
777 2924 818 2960 re·
852 2925 924 2960 remu
940 2907 1035 2988 optimi
1043 2915 1071 2961 st
1107 2905 1193 2961 lurimi
1210 2907 1323 2974 codicoe,
1341 2904 1456 2959 exFlcr.

216 2974 281 3113 gerlai
303 2975 413 3096 drpdbporet
428 2974 470 3096 :dd
492 2991 627 3096 {masiliis
666 2976 819 3098 Iffiuecag
852 2975 924 3097 {we}
946 2992 1002 3028 crus
1036 2975 1063 3098 'd
1078 2975 1085 2988 “
1098 2974 1208 3096 'bpsedin
1229 2975 1360 3097 edlitiom
1381 2973 1458 3054 venit

280 3060 749 3100 ,sec.,r.
921 3059 1360 3098 mnmemersmoecmn

215 3115 265 3165 sed
286 3120 403 3180 captum,
435 3110 461 3164 id
481 3127 514 3164 ue
538 3061 629 3182 ilicum
660 3109 687 3164 iu
714 3119 818 3164 textum
853 3111 915 3165 edit.
941 3060 1087 3166 Eleguinie
1104 3111 1211 3184 probaii
1229 3057 1457 3182 nequeunt-pilli?

216 3178 285 3258 iiisle
301 3194 361 3258 rece
381 3178 402 3230 it
409 3128 530 3232 Marius:
547 3179 635 3249 potius
652 3195 726 3233 crioi-
738 3179 818 3233 libra·
870 3196 904 3232 ue
921 3179 1042 3234 revocavi
1064 3197 1134 3234 nunc
1155 3180 1273 3234 codicum
1290 3179 1455 3251 scripturum.

126 3271 133 3284 ·
216 3265 316 3300 riorum
334 3197 446 3314 νιὲειυτ,
465 3254 494 3300 et
511 3247 638 3326 excidisse
649 3265 677 3302 se
690 3257 751 3320 post
762 3251 817 3316 sed,
880 3251 1033 3302 eDi'oreuo
1059 3267 1113 3304 non
1130 3248 1224 3302 dubito
1242 3248 1354 3301 comsit
1372 3245 1456 3300 Grae·

217 3329 296 3385 quem
318 3330 434 3368 ormnem
455 3323 618 3386 cumgentes
640 3315 685 3369 alii
709 3315 818 3388 scripse-
852 3333 912 3370 cuni
939 3315 1089 3378 θεόξενοε,
1115 3317 1163 3370 sed
1185 3317 1265 3370 mii-or
1291 3325 1380 3369 tamen
1402 3333 1455 3368 non

217 3391 280 3436 ruat
297 3393 397 3452 captus.
852 3385 963 3438 inveniri
989 3385 1017 3436 in
1040 3384 1138 3439 lexicis.
1174 3384 1207 3438 lii
1230 3384 1283 3438 fiiis
1306 3382 1400 3438 sustuli
1421 3393 1455 3449 ei,

251 3453 276 3530 5:
297 3457 337 3504 15.
389 3451 529 3531 orlmsimi's
546 3483 590 3532 ⁸-
614 3470 642 3506 se
664 3454 817 3533 adiungere]
852 3453 923 3523 quod
948 3452 976 3506 iii
1001 3453 1080 3507 oditis
1104 3452 1227 3508 omnibus
1252 3461 1360 3523 praeter
1380 3450 1454 3506 Mod.

216 3517 334 3572 Freinsb.
367 3529 514 3586 errassemus
532 3529 674 3574 sicutsane
688 3520 748 3575 libri
757 3540 817 3575 mss.
853 3529 894 3574 est
923 3526 958 3589 (el
985 3523 1138 3592 Amyntam)
1176 3537 1304 3576 consensu
1334 3519 1455 3574 oodimim

216 3595 429 3667 omnes-praeter
441 3585 549 3642 Flore
566 3588 673 3657 haberit,
691 3591 738 3643 sed
755 3590 817 3644 edit.
853 3605 970 3643 meorum
987 3589 1111 3644 oninium.
1146 3589 1294 3644 omiseram
1316 3597 1410 3642 notare
1426 3587 1455 3641 in

227 3673 297 3734 'rinc
321 3671 379 3708 cain
402 3673 484 3735 ipsam
510 3654 545 3710 cb
572 3673 675 3712 cumani
695 3660 766 3729 quod
784 3675 818 3712 ex
852 3657 916 3711 edit
934 3657 1029 3728 priore
1050 3662 1107 3712 lain
1123 3657 1206 3738 igitur
1223 3656 1314 3727 regula
1331 3655 1385 3723 ills,
1402 3673 1456 3726 qus

647 3811 687 3848 res
736 3811 751 3848 e
1107 3811 1153 3850 sie
1170 3811 1202 3848 oo
1279 3811 1295 3846 a
1447 3832 1454 3846 .

215 3859 329 3922 Medius,
345 3858 409 3930 quia
422 3869 561 3913 ananus
616 3835 817 3917 umriverbum
851 3871 939 3917 umen
956 3833 1000 3930 rv,’
1015 3813 1062 3930 is,
1083 3871 1122 3917 ii.

215 3927 341 3998 iungendi
367 3944 456 3980 casum
482 3928 520 3981 rei
539 3928 605 3982 cuii
626 3947 715 3984 oseae
730 3932 816 4003 appii·
885 3935 907 4000 ξ.
933 3939 974 3986 17.
1009 3935 1147 4000 oppen'ms
1172 3933 1286 4000 aliquem
1310 3932 1454 3984 aarum

215 3996 319 4050 auisset.
362 3995 423 4076 lloc
449 4014 496 4076 pos
518 4014 624 4076 quoque
651 4017 721 4053 nunc
742 4011 816 4054 tene-
850 4018 881 4052 ec
903 4002 993 4069 primu
1016 4001 1129 4079 colortel
1170 3999 1230 4053 Hoc
1254 3999 1347 4054 ordine
1371 3999 1456 4052 verbs

214 4081 281 4144 mus,
299 4081 359 4143 cuni
377 4083 404 4117 in
421 4081 508 4134 priore
525 4066 641 4145 editions
648 4070 814 4147 fortissimus
850 4067 1012 4122 collocantur
1029 4067 1056 4122 in
1074 4067 1188 4148 optimis,
1206 4085 1264 4122 cum
1276 4067 1357 4136 vulgo
1374 4067 1454 4120 iiieiit

213 4133 379 4254 tlttt
397 4131 599 4256 illmlold'i
643 4153 685 4188 “⁶
698 4137 815 4257 dillu'
850 4139 972 4258 “llll‘’'l
987 4154 1019 4189 ‘²
1035 4155 1128 4216 lm·
1149 4137 1380 4257 {⁰tt‘⁸''“⁶⁰'³‘'·”‘
1406 4135 1453 4215 ⁸⁹⁶¹

561 4241 567 4254 .
644 4220 699 4256 arii.
808 4243 814 4258 .
1242 4223 1248 4234 ·

214 4267 291 4322 ABG
309 4269 409 4336 secuti,
434 4288 482 4341 pro
504 4270 577 4340 vulg.
594 4272 708 4341 irrupere.
741 4222 815 4328 Uillis
850 4224 910 4326 illul
926 4219 1453 4346 llalgillliiireiifeiquitlrslliiocidsiiiicli:

214 4336 285 4391 Flor.
307 4336 405 4390 Gsese
422 4341 470 4392 adi
525 4356 576 4392 ere.
604 4405 610 4419 Ι
869 4359 960 4394 uorum
989 4340 1101 4428 primaru
1127 4342 1264 4394 cohortem
1289 4339 1356 4396 dicit
1380 4343 1452 4413 quod

248 4405 376 4459 Peucolao
393 4409 455 4474 cet]
518 4407 671 4464 ecodicum
688 4409 815 4465 redemta
850 4359 911 4462 lilibi
928 4409 961 4462 τὸ
982 4429 1074 4481 aynau
1092 4415 1153 4462 solu
1170 4409 1453 4481 lanrauappclheur,
