3258 5120
655 327 704 378 nn
732 327 858 381 unsris
885 329 994 382 Annii.
1021 327 1129 398 ix,1i.
1424 320 1500 390 447

266 509 423 584 amnium
449 521 573 583 doetus
599 512 783 586 maritimis
815 513 946 586 similes
977 513 1106 585 fluctus
1137 523 1276 604 movet;
1317 517 1500 614 multoque

265 645 307 693 ec
333 619 477 693 turbido
503 622 598 714 linio,
624 623 720 720 quod
746 647 920 720 uquarum
946 646 1120 694 concursu
1146 621 1297 698 subinde
1323 626 1498 716 turbetur,

215 752 247 799 io
265 733 342 821 iter,
369 756 440 828 qua
465 745 587 808 meant
611 736 762 831 navigia,
789 735 825 806 in
852 744 995 806 tenuem
1018 735 1161 806 alveum
1184 733 1331 830 cogitur.
1374 735 1500 832 ltaque

264 867 345 914 eum
377 845 492 918 crebri
526 847 656 919 fluctus
683 869 722 917 se
747 843 972 934 inveherent,
1008 856 1045 918 et
1074 842 1221 918 navium
1252 843 1334 917 hinc
1364 869 1499 943 proras,

264 953 347 1025 hine
382 957 496 1030 latera
534 959 735 1054 pulsarent,
776 953 974 1028 subducere
1013 965 1144 1027 nautae
1180 957 1261 1028 vela
1294 968 1498 1053 coeperunt.

264 1061 337 1138 Sed
362 1067 558 1141 ministeria
584 1090 707 1139 eorum
731 1064 815 1138 hinc
840 1075 955 1154 eoetu,
981 1065 1064 1138 hinc
1088 1065 1302 1163 praerapida
1318 1067 1499 1140 eeleritate

215 1194 242 1241 1¹
264 1175 449 1252 fluminum
475 1187 703 1275 occupentur.
755 1175 797 1250 In
823 1174 934 1250 oculis
959 1177 1117 1250 omnium
1143 1174 1217 1249 duo
1242 1176 1377 1251 maiore
1401 1178 1499 1252 navi·

263 1427 362 1475 etet
379 1425 394 1474 t
413 1427 519 1474 secutus
536 1427 585 1488 est,
606 1419 698 1474 eedem
715 1420 749 1473 de
765 1419 864 1491 impetu
898 1424 996 1472 terrem
1013 1425 1041 1472 et
1057 1418 1156 1474 sieeuiii
1177 1419 1252 1474 littus
1269 1424 1372 1476 sursum
1389 1419 1499 1474 ushuii-
1564 1389 1569 1398 .

263 1487 453 1544 Aeesinisstll
472 1489 559 1560 despis
572 1488 761 1542 confluentium
778 1490 864 1561 prius-
898 1494 959 1554 tur,
985 1486 1118 1541 reficiendi
1142 1487 1297 1560 plerumque
1322 1506 1416 1556 eausa,
1447 1489 1500 1544 hoe

262 1693 295 1746 sb
330 1692 444 1748 Arriano
477 1692 548 1747 iutrs
577 1693 722 1764 Hydsspen
751 1694 864 1748 Aeesine
899 1707 959 1744 cum
988 1665 1128 1763 sdpersndi
1158 1701 1239 1752 eerte,
1259 1703 1347 1747 essent
1377 1693 1497 1747 vertices.

262 1767 368 1814 suetum
389 1769 418 1814 et
435 1761 461 1814 ll
480 1761 576 1816 erotim
597 1760 772 1828 wlloesntur,
795 1779 863 1842 quse
897 1758 961 1839 Nop
978 1769 1091 1829 possunt
1104 1769 1197 1841 putem
1213 1765 1273 1815 tute
1290 1761 1420 1842 superari,
1448 1761 1498 1816 nisi

314 1835 355 1884 tes
469 1847 515 1884 um
531 1829 677 1884 Diodorum
693 1837 726 1886 et
741 1829 863 1885 Curtium
897 1826 962 1880 velis
980 1837 1139 1896 conti-setis,
1162 1837 1211 1882 sut
1226 1829 1346 1884 deductis
1363 1829 1418 1884 sire
1434 1830 1499 1882 sub·

369 1897 453 1968 mgis
484 1899 519 1951 sd
550 1889 688 1952 Meridiein
897 1894 992 1964 ductis,
1010 1897 1134 1968 quonism
1143 1898 1332 1952 subvertuntur
1345 1914 1425 1952 naves
1443 1915 1498 1951 non

156 1961 161 1968 ’
259 1913 339 2018 did?
347 1963 509 2020 ιιιωῑιιιή
526 1973 617 2020 noum
633 1967 668 2020 se
684 1907 862 2019 diffluum*
897 1971 952 2018 tm
973 1965 1108 2036 guigismi
1130 1966 1248 2038 ipsorum
1268 1965 1308 2032 vi,
1334 1983 1413 2038 qum
1434 1983 1498 2022 soii.

294 2035 318 2102 fi.
336 2041 361 2088 ⁹.
395 2035 511 2088 arnniirn
531 2045 617 2090 rodus
636 2065 671 2076 -
691 2045 771 2088 movet
818 2035 862 2090 Sic
896 2032 977 2086 trsrio
1002 2033 1103 2104 impetu
1123 2043 1152 2088 et
1173 2043 1311 2089 rentomm
1332 2033 1397 2088 velis
1417 2033 1498 2088 eolle-

260 2117 319 2154 mss.
333 2100 383 2155 nisi
399 2102 471 2173 quod
483 2102 511 2156 iii
525 2102 614 2156 multis
629 2102 706 2156 soliis
718 2102 763 2174 dip
784 2103 863 2157 tlion-
896 2107 999 2181 etprurn
1016 2109 1045 2154 et
1062 2102 1204 2156 fluminum
1238 2101 1333 2174 Itsque
1349 2105 1406 2157 uda
1422 2103 1497 2156 resti·

259 2185 355 2238 goi-iim
371 2171 524 2226 wnsusime
541 2181 611 2226 edus
632 2170 738 2242 legitur.
772 2171 861 2226 Etiam
895 2175 1003 2234 trimus,
1017 2170 1262 2226 uemdelstinitete
1271 2171 1410 2226 locutionis
1419 2187 1496 2225 nemo

259 2237 320 2290 edd.
337 2247 442 2292 veteres
459 2250 546 2294 coetus
560 2238 697 2308 exhibent,
715 2239 860 2294 euminre·
895 2245 968 2291 serto
986 2237 1106 2292 dubitare
1124 2247 1222 2310 potest,
1240 2257 1299 2292 euin
1311 2238 1347 2292 sit
1363 2239 1497 2310 seripturis

260 2303 420 2361 eentiori‘bus
429 2305 510 2362 cotti}
523 2307 679 2379 eorrigstiir.
705 2307 759 2362 Sed
771 2325 860 2362 exsin-
894 2304 1082 2376 elegentissimi
1099 2308 1133 2361 de
1150 2307 1221 2362 bello
1237 2307 1315 2361 Alex.
1337 2308 1382 2362 ubi
1399 2307 1497 2378 legitur

259 2373 363 2455 ploniin
379 2385 421 2430 est
437 2377 556 2445 abunde,
574 2393 642 2448 quse
677 2377 773 2432 robent
803 2395 861 2432 coe·
894 2379 959 2428 ete
982 2378 1098 2430 celeriter
1120 2377 1177 2431 vetii
1200 2377 1324 2443 subduci,
1351 2378 1497 2447 demidtqiie

260 2452 314 2522 tuns
337 2442 390 2524 diei
412 2461 460 2515 pro
477 2461 523 2512 eo,
551 2445 622 2516 quod
642 2393 709 2516 pleri
728 2461 761 2499 ue
778 2417 860 2500 bodie
894 2452 1022 2524 αιιςπιαι
1040 2445 1115 2499 iubet.

259 2510 343 2564 velint
364 2512 451 2567 diesi-e
472 2515 574 2568 setun
609 2511 655 2568 Sie
676 2463 745 2570 Gdl
761 2528 825 2580 xxv,
844 2521 858 2567 1
927 2512 988 2564 tunc
1004 2515 1087 2582 coetu]
1122 2513 1221 2568 Moneo
1237 2511 1265 2568 in
1282 2529 1342 2566 mss.
1356 2527 1413 2566 esse
1430 2522 1496 2581 cetu,

260 2579 402 2634 Stellarum
432 2591 518 2636 coetus
545 2592 569 2636 et
598 2584 774 2637 discessiones
818 2581 858 2636 Gt
893 2579 927 2632 sb
941 2579 1086 2635 editoribus
1099 2590 1188 2635 autem
1200 2579 1389 2636 redention'bus
1406 2579 1496 2702 {unio

259 2645 340 2700 etism
357 2646 635 2704 coni-.Sehiieidsrum
651 2649 679 2704 iii
695 2650 779 2704 Elem.
788 2649 819 2703 L.
828 2649 860 2703 L.
894 2646 994 2718 primo)
1014 2649 1116 2702 editum
1137 2665 1197 2703 esse
1218 2659 1286 2703 metis
1306 2658 1399 2702 sonus
1426 2649 1497 2704 'bro-

259 2733 284 2785 p
295 2721 328 2769 ⁷8
344 2724 375 2770 et
391 2733 470 2787 quem
485 2718 577 2773 lsudst
589 2717 716 2772 Vinetum
733 2720 766 2773 sd
776 2719 861 2773 Auso-
894 2718 1156 2786 rumuuetoritsiteni,
1171 2717 1221 2772 nisi
1230 2717 1300 2772 t'o'rte
1307 2716 1371 2770 illud
1381 2715 1408 2770 iii
1416 2717 1495 2772 Voss.

259 2781 483 2855 niumEpigr.tl,
499 2793 522 2839 1.
558 2787 682 2841 Ceterum
699 2797 797 2841 movent
814 2787 861 2840 ud-
897 2791 909 2836 1
930 2783 993 2844 suit,
1021 2785 1054 2838 de
1071 2786 1143 2840 euius
1160 2785 1292 2856 seriptum
1309 2785 1373 2838 nihil
1391 2785 1495 2840 disertis

258 2850 310 2905 hue
318 2850 445 2906 editiones
454 2870 564 2909 numero
607 2854 792 2922 ura-eontra
800 2873 861 2908 mss.
894 2852 981 2906 verbis
998 2851 1182 2926 Sniilienburg.
1199 2853 1309 2910 noterit
1344 2853 1407 2907 Non
1428 2863 1496 2934 puto

311 2938 345 2973 iia
367 2931 454 2975 meant
476 2923 582 2994 resipio
630 2923 675 2978 Sic
696 2925 741 2977 vul
799 2923 862 2976 inde
895 2929 962 2974 metu
978 2921 1042 2974 ferri
1058 2939 1149 3004 posse,
1177 2940 1238 2976 neni
1255 2923 1331 2976 deest
1353 2921 1495 2992 genitivus,

258 3004 276 3039 ι
292 2937 395 3056 dlodio,
412 2989 459 3044 sed
476 3009 537 3046 mss.
554 3001 629 3046 ment.
663 2992 737 3046 Etr
765 3012 785 3045 r.
803 2991 861 3063 qui-
895 2987 967 3042 etius
981 2997 1066 3044 metus
1080 2991 1171 3059 tuerit,
1185 3007 1236 3044 nee
1249 3000 1409 3060 occupantur
1421 2999 1495 3044 metu

258 3055 319 3108 dem
328 3056 377 3109 AB
386 3075 439 3130 qua
447 3069 515 3113 mut
527 3061 644 3130 euripid,
661 3059 859 3115 Bern.ALeid.
894 3055 1012 3124 consilis,
1030 3058 1078 3112 sed
1096 3058 1283 3130 impediuntur,
1304 3057 1349 3112 ubi
1368 3057 1432 3112 nihil
1449 3075 1495 3113 eo·

259 3123 338 3178 Voss.
352 3131 363 3178 1
384 3125 447 3180 edit.
464 3145 505 3198 pr.
524 3145 576 3199 qua
592 3137 661 3182 meat
677 3130 802 3199 seriptis,
820 3145 861 3182 re·
894 3143 953 3179 rum
970 3126 1027 3197 sigis
1044 3143 1111 3199 quse
1125 3145 1193 3198 opus
1207 3127 1269 3181 sint
1295 3128 1495 3182 Verbumeoetu

259 3191 325 3263 liqui
342 3191 412 3248 Flor.
430 3203 458 3248 et
476 3196 589 3250 Bern.B
606 3196 706 3250 Vosst
725 3213 775 3267 quo
792 3205 861 3250 meat
894 3193 972 3247 sicile
993 3195 1159 3267 eoniungitur
1185 3213 1245 3250 eum
1261 3195 1416 3266 flmrtsien,
1446 3197 1496 3250 sed

259 3263 380 3330 seriptis.
405 3263 500 3334 Itaque
514 3265 598 3318 Aldus
616 3281 668 3334 qua
684 3276 770 3319 meant
787 3267 861 3318 navi-
895 3261 1317 3333 expliestiouenibsererel'steur,
1333 3263 1495 3335 quitatione

257 3329 320 3449 pp'i's,
339 3329 429 3384 Iunius
438 3349 490 3404 qua
497 3342 583 3386 munet
597 3335 710 3404 nauigiis
725 3334 861 3387 dederant.
896 3331 930 3384 sb
943 3349 995 3384 uiui
1011 3342 1087 3403 perte
1101 3345 1197 3400 coetus,
1216 3333 1250 3386 sb
1263 3332 1348 3386 ultera
1361 3335 1494 3402 rupiditas

287 3397 439 3472 einsiusqua
447 3401 749 3471 nuaturndiis'yi'issuribi
760 3401 861 3455 iniiluit
893 3401 1029 3466 (luminum
1042 3401 1093 3455 diei
1106 3402 1189 3471 possit
1201 3417 1342 3471 oeeupssse
1355 3411 1495 3454 usutsium

258 3465 284 3518 E
304 3465 391 3520 uideni
412 3467 548 3540 vulgatam
573 3487 590 3524 o
609 3469 679 3524 timis
701 3470 770 3525 li'lor.
797 3469 861 3524 satis
896 3466 1047 3524 ministeris.
1083 3470 1142 3539 Ego
1159 3469 1223 3523 oliui
1240 3469 1334 3540 putavi
1352 3468 1494 3539 legendum

259 3483 392 3616 dedentem
409 3545 498 3619 P¹l⁸⁰2
518 3537 573 3591 Sed
586 3487 692 3619 diustius
705 3542 776 3610 quod
788 3543 862 3609 (post
896 3547 979 3616 uento.¹
1014 3537 1144 3618 Cogitent
1176 3537 1318 3618 navigandi
1331 3537 1494 3618 peritiores.

260 3603 321 3656 limo
353 3605 468 3670 sustulit,
487 3614 585 3677 sterque
602 3616 713 3678 scripsit,
750 3625 784 3660 us
801 3624 861 3660 eor·
896 3603 1006 3663 lutei-im
1024 3615 1124 3660 restitiii
1144 3607 1216 3688 quod
1223 3615 1261 3659 ‘in
1278 3605 1352 3661 libris
1369 3623 1431 3659 mss.
1444 3615 1494 3660 est

259 3679 376 3725 rectione
393 3673 455 3744 quid
468 3674 582 3728 voluerit
594 3674 693 3745 ignoro.
744 3694 778 3746 go
792 3678 863 3746 quod
929 3675 952 3741 5.
968 3680 1008 3727 li.
1042 3677 1077 3728 Iri
1093 3677 1176 3730 otidis
1194 3677 1306 3728 ormiiim
1322 3676 1375 3728 duo
1391 3675 1494 3728 maiora

259 3755 308 3808 pro
325 3741 388 3810 quia
409 3741 525 3812 positum
543 3742 597 3797 sesi
617 3742 653 3807 io,
677 3743 860 3815 adiectumque
895 3743 1015 3814 nwipiu]
1050 3742 1163 3798 Secutus
1179 3761 1238 3797 suin
1254 3741 1366 3797 Aeidelii
1388 3753 1494 3796 seuten-

259 3814 326 3888 puto
343 3815 375 3860 ut
391 3825 438 3862 eui·
455 3811 573 3865 turbidus
610 3811 694 3866 'estii-
710 3812 796 3881 limus,
814 3829 861 3865 ex·
896 3809 967 3876 iiim,
986 3829 1079 3866 roserii
1091 3814 1204 3866 oninium
1221 3821 1284 3882 post
1301 3813 1329 3863 tri
1349 3813 1430 3864 oculis
1448 3829 1495 3882 po-

260 3873 379 3945 pbeetur.
895 3879 1008 3932 nendum
1024 3896 1095 3946 esse,
1122 3897 1177 3934 non
1199 3879 1267 3936 sieut
1288 3880 1373 3932 sdhue
1394 3879 1495 3934 editum

294 3945 318 4012 5.
338 3950 377 3998 10.
412 3947 553 4000 subducere
574 3956 670 4001 mutue
695 3951 751 4002 vetii
772 3965 860 4018 coepe-
895 3955 938 4000 est
955 3957 1018 4018 post
1034 3951 1144 4002 maiora.
1179 3948 1250 4002 Nem
1263 3950 1365 4001 maiora
1380 3951 1495 4002 omnium

259 4013 333 4082 iimt]
369 4013 489 4068 Modiuin
510 4018 566 4068 vetii
588 4016 753 4070 omittentem
770 4033 861 4072 reeen-
895 4018 1017 4085 nuutyi'ii,
1052 4017 1232 4089 eompnrstiro
1257 4033 1307 4087 pro
1333 4015 1494 4087 superlativo

260 4079 340 4134 tiores
358 4081 475 4136 editores
493 4083 576 4138 secuti
594 4093 668 4154 sunt,
692 4085 862 4156 suffraganti·
895 4083 997 4153 posito,
1024 4101 1101 4140 nemo
1123 4085 1187 4138 inihi
1208 4085 1377 4166 persuadebit
1393 4103 1410 4138 ι
1428 4103 1494 4156 quo·

260 4149 310 4202 bus
327 4150 576 4231 paucis'eudieibus,
594 4151 664 4234 Flor.
682 4155 787 4234 quidein
798 4154 862 4234 Dt'l
894 4170 973 4222 quein
990 4155 1074 4207 bonae
1092 4153 1231 4235 latinitiitis
1242 4165 1350 4208 auctore
1364 4154 1431 4221 dici3
1448 4153 1493 4222 (es.

259 4219 861 4358 teltiti'ssititdtffitltlt
895 4221 1493 4368 trittlttthtlttzelntt!

261 4350 294 4407 A.
316 4354 412 4426 Neque
422 4366 496 4410 reete
505 4357 579 4411 illum
588 4359 681 4413 l'eeisse
689 4375 861 4426 eenseo,niiui
895 4357 979 4411 ditum
1004 4361 1146 4429 postulare
1182 4360 1215 4414 In
1240 4379 1302 4414 mss.
1328 4369 1375 4414 eut
1399 4362 1493 4416 eodem

259 4423 377 4496 quemvis
393 4426 501 4480 subduci
517 4445 596 4482 naves
614 4427 744 4497 dieantur,
762 4445 819 4483 cum
833 4428 859 4482 in
894 4427 987 4481 ordine
1005 4430 1086 4483 verbe
1102 4429 1273 4497 eolloesutur,
1290 4430 1384 4501 quoin
1401 4429 1493 4500 vulge-
