3260 5042
236 345 286 416 24
704 359 738 422 Q.
766 353 890 426 curru
914 357 1000 410 surr

236 555 297 616 tus
309 539 505 638 Philippus,
530 541 674 616 nodone
700 541 876 639 Acarnan,
901 539 995 612 fidus
1020 538 1217 612 admodum
1242 539 1334 636 regi:
1360 563 1472 636 puero

239 675 358 725 comes
393 660 430 726 et
462 662 584 726 custos
618 653 741 726 salutis
772 651 896 738 datuS,
930 672 1003 722 non
1035 658 1079 718 ut
1103 672 1227 745 regem
1251 647 1376 738 modu,
1408 645 1474 722 sed

239 762 347 836 ctiam
371 771 414 835 ut
438 763 630 850 alumnum,
657 760 787 834 eximis
810 759 958 829 caritate
984 755 1164 852 diligebat
1213 755 1248 828 Is
1274 781 1349 828 non
1374 776 1508 852 prae-2

239 897 323 972 ceps
355 898 410 963 sc,
446 871 511 946 sed
545 882 730 944 succuum
764 865 959 938 remedium
984 865 1127 954 afferre,
1163 873 1374 958 tantamque
1400 868 1475 937 vim

240 984 356 1057 morbi
398 982 544 1078 potione
582 974 758 1047 medicata
795 975 995 1049 levaturum
1034 1000 1113 1051 esse
1152 975 1325 1074 promisit
1378 973 1474 1047 Nulli

237 1093 455 1191 promissum
480 1087 556 1160 eius
582 1085 746 1183 placebat
769 1097 911 1183 praeter
936 1087 1063 1185 ipsum,
1089 1087 1190 1160 cuius
1216 1087 1373 1184 periculo
1400 1087 1475 1184 pol·

240 1202 423 1274 licebatm.
460 1193 591 1270 Omnia
615 1196 744 1294 quippe
768 1198 913 1288 facilius,
939 1222 1048 1294 quum
1073 1221 1222 1286 morem,
1248 1198 1388 1294 perpeti
1413 1222 1475 1295 po·
1494 1220 1536 1267 s·

240 1319 353 1383 terat:
385 1332 486 1380 arma
517 1317 555 1380 et
584 1308 677 1380 acies
709 1309 745 1381 in
778 1309 888 1380 oculis
920 1317 1038 1396 erant,
1074 1315 1111 1379 et
1142 1305 1330 1378 victoriam
1361 1307 1399 1378 in
1431 1333 1475 1380 eo

241 1420 396 1516 positam
422 1429 520 1492 esset
541 1418 796 1507 arbitrabatur,
830 1419 1027 1488 sitantum
1052 1427 1137 1488 ante
1163 1415 1267 1512 signa
1292 1426 1388 1488 stare
1414 1442 1476 1512 po·

241 1529 388 1620 tuisset,
421 1526 459 1600 id
482 1528 615 1626 ipsum,
650 1525 747 1622 quod
777 1535 861 1623 post
885 1525 980 1600 diem
1004 1527 1152 1600 tertium
1175 1526 1477 1600 medicamentum

147 1715 151 1722 ,
242 1649 450 1737 sumpturus
476 1649 572 1714 esset
597 1637 663 1734 (ita
693 1637 787 1708 enim
817 1635 975 1710 medicus
1009 1635 1255 1735 praedixerat)
1290 1663 1397 1734 aegre
1427 1637 1475 1708 fe·

242 1775 336 1823 rens.
393 1749 492 1822 Inter
522 1749 611 1821 haec
644 1772 667 1818 a
698 1745 946 1836 Parmenione,
978 1745 1151 1818 fidissimo
1186 1754 1514 1844 purpuratorum,⁴

242 1861 381 1932 litteras
412 1859 557 1956 accipit,
590 1857 717 1954 quibus
752 1856 784 1928 ei
818 1854 1070 1944 denuntiabat,
1106 1880 1153 1928 ne
1187 1857 1340 1930 salutem
1373 1881 1477 1929 suam

243 1967 408 2067 Philippo
434 1969 687 2042 committeret:
712 1967 808 2039 mille
831 1966 975 2038 talentis
998 1964 1158 2041 aDa-rco
1185 1976 1223 2038 et
1248 1965 1313 2064 spe
1339 1967 1477 2064 nuptia-

243 2105 326 2179 rum
349 2080 481 2153 sororis
507 2079 583 2152 cirre
609 2101 697 2150 esse»
712 2085 932 2174 corruptum
979 2073 1166 2172 Ingentem
1200 2076 1320 2149 animo
1352 2076 1517 2150 sollici-⁵

243 2187 406 2261 tudinem
429 2190 569 2264 litterae
595 2189 830 2276 incusserant,
865 2197 902 2259 et
927 2185 1095 2284 quioquid
1119 2187 1157 2258 in
1182 2196 1373 2282 utramque
1398 2211 1477 2284 par·

244 2308 319 2372 tem
352 2307 417 2370 aut
449 2307 567 2371 metus
598 2297 672 2369 aut
692 2320 773 2393 spes
805 2297 1019 2386 subiecerat,
1060 2305 1199 2370 secreta
1230 2297 1477 2370 aestimatione

245 2399 442 2506 pensabat,
480 2408 604 2483 Bibere
631 2406 861 2504 perseverem?
897 2419 950 2496 at,
983 2407 1203 2481 muraenam
1228 2409 1346 2482 ᾱαωπι
1360 2407 1516 2508 suscita

245 2543 288 2592 nc
316 2517 487 2592 'immerito
525 2517 675 2617 quidem,
714 2517 869 2616 quicqrud
906 2516 1079 2608 madrid,
1117 2517 1263 2592 accubas
1301 2515 1478 2592 videatffl
1532 2555 1537 2566 ·

208 2675 212 2682 ·
246 2628 418 2705 Danaam
447 2628 570 2702 rudici
589 2627 724 2725 fidon?
761 2629 797 2702 io
831 2627 1036 2702 tobcmaudo
1066 2652 1143 2726 erpo
1169 2653 1222 2701 ute
1247 2627 1397 2726 opprimi
1416 2652 1480 2724 pa

247 2736 339 2811 tear?
357 2741 360 2746 “
376 2737 426 2811 At
448 2739 553 2848 satius
577 2751 625 2811 eet
648 2739 753 2812 aliem
778 2761 829 2810 aas
854 2737 942 2810 mom
964 2737 1092 2828 scelere,
1118 2763 1221 2836 quum
1244 2752 1334 2810 metu
1358 2751 1478 2828 posco.

232 2915 320 2992 ¹quod
344 2919 449 2972 ridetur
474 2919 610 2973 inventum
635 2934 692 2972 esse
717 2917 744 2970 in
765 2918 845 2972 Beru.
879 2915 1010 2972 insecutae
1031 2920 1203 2988 dampnasse
1219 2921 1314 2974 medici
1323 2919 1424 2988 fidem?
1450 2919 1480 2972 in

247 2997 361 3058 eumue
378 2995 407 3042 et
423 2987 564 3041 Vossianis.
879 2987 1045 3039 tabernaculo
1067 3004 1107 3040 me
1128 2990 1243 3059 opprimi
1301 2990 1373 3041 tiari
1405 2987 1481 3042 Nom.

282 3057 388 3108 natione
408 3055 548 3175 ricomer?
583 3053 696 3108 Variant
718 3053 792 3107 codd.
815 3061 846 3106 ut
879 3055 962 3122 Atqui
986 3055 1072 3108 satius
1098 3065 1137 3108 ert
1163 3063 1215 3110 cet.
1247 3089 1261 3103 v
1332 3055 1371 3108 'us
1396 3054 1482 3108 edidit

248 3123 347 3178 solent:
378 3122 496 3177 meliores
546 3140 654 3184 reomau,
670 3121 722 3174 alii
743 3123 845 3174 Arcto·
884 3123 1020 3174 damnem
1036 3125 1244 3190 medicifidemt
1265 3126 1294 3177 in
1312 3125 1481 3177 tabernaculo

177 3217 182 3224 ·
248 3210 345 3258 nanus,
363 3193 540 3244 Acbamanus
558 3190 674 3260 (utedit
687 3194 747 3260 pr),
767 3193 846 3243 Arto-
879 3205 953 3258 erpo
970 3207 1010 3242 me
1026 3193 1141 3259 opprimi
1154 3193 1267 3261 potiori
1286 3194 1322 3244 Ar
1339 3193 1424 3244 satius
1442 3200 1482 3244 est

249 3278 344 3322 mnus,
361 3257 585 3312 Plautianus-r.
595 3260 727 3311 Acamas.
746 3258 845 3310 Verum
879 3265 943 3324 cet,
970 3273 1082 3328 eumque
1097 3258 1193 3329 reliqui
1210 3259 1293 3314 secuti
1310 3268 1381 3312 sunt.
1421 3259 1482 3312 Mo-

249 3327 371 3398 estquod
387 3327 475 3380 editur
491 3326 553 3379 inde
565 3327 599 3380 ab
607 3326 687 3393 Aldo,
705 3334 733 3379 et
743 3325 844 3378 Graeco
878 3324 956 3377 diona
973 3324 1102 3396 scriptura
1118 3345 1227 3398 prorsus
1249 3335 1291 3380 est
1312 3327 1339 3380 in
1356 3328 1437 3380 Bern.
1454 3329 1480 3379 A

249 3413 299 3448 usu
316 3402 345 3448 et
360 3394 473 3464 Vergilii
489 3393 621 3465 Statiique
630 3399 692 3462 (xv,
702 3397 765 3463 588)
783 3393 844 3447 locis
878 3391 949 3446 Flor.
968 3392 990 3446 C
1008 3401 1037 3446 et
1055 3395 1100 3463 (ut
1115 3413 1166 3474 par
1183 3404 1225 3448 est
1242 3412 1257 3448 e
1274 3395 1381 3448 silentio
1397 3393 1480 3454 Suak.

250 3463 458 3533 comprobatum.
879 3460 1016 3526 conficere)
1035 3461 1063 3515 in
1076 3461 1150 3516 leid.
1159 3463 1236 3518 Voss.
1249 3471 1273 3531 1,
1290 3463 1356 3516 item
1373 3462 1482 3516 qulor.

285 3533 308 3599 ξ.
327 3537 351 3584 2.
371 3531 545 3600 pollicebatur
561 3535 649 3600 potest
666 3547 724 3584 cum
740 3527 845 3582 Radere
879 3528 970 3582 Bnisi
987 3530 1058 3600 quod
1080 3549 1141 3600 erpo
1168 3549 1222 3585 non
1249 3531 1339 3585 babet.
1374 3530 1435 3584 Reli
1454 3531 1481 3583 ui

249 3598 353 3720 etet
372 3597 523 3719 ‘binii
541 3595 674 3718 :ttt
697 3606 846 3719 tt‘tlt
879 3595 1482 3737 ttrtlttttttttf¹ttffit

251 3733 315 3788 satis
332 3706 440 3787 idoneus
457 3741 549 3787 auctor
557 3683 695 3786 inreriitui.
714 3733 754 3800 Os.
764 3733 845 3803 Wop·
879 3740 927 3785 aut
943 3740 1015 3786 certe
1032 3685 1223 3804 Aequeqfflor.
1240 3707 1299 3788 Εέ
1315 3753 1356 3806 pr.
1372 3754 1417 3802 m.,
1435 3736 1484 3788 ad-

251 3801 326 3856 lrens.
343 3801 430 3855 Lectt.
451 3801 523 3854 Tull.
539 3801 585 3855 lib.
602 3807 779 3871 11,12p.194.
801 3800 846 3854 ln·
881 3800 949 3854 iecto
966 3803 1000 3856 ab
1017 3801 1102 3854 altera
1119 3805 1185 3871 mon)
1203 3812 1232 3856 et
1250 3803 1297 3869 G).
1328 3803 1404 3867 Quae
1420 3820 1480 3857 cnm

252 3868 383 3939 telligitur
399 3867 486 3939 potius
501 3871 625 3922 medicas.
881 3867 919 3920 its
935 3873 997 3936 siut,
1015 3869 1167 3924 Modieuam
1182 3871 1339 3941 scripturam
1356 3871 1483 3942 praefero.

141 3999 143 4002 ,
287 3942 345 4006 §.a
358 3939 474 4006 positam
491 3955 549 3991 esse
565 3937 756 4006 arbitrabatur]
774 3935 845 3990 Flor:
881 3935 1002 3990 Membra
1018 3946 1080 3991 sunt
1096 3955 1125 3991 se
1190 3948 1227 4005 ta,
1245 3941 1482 4009 sedcumutroquc

252 4007 277 4060 B
295 4005 397 4060 omittit
413 4021 477 4058 esse.
881 4005 1049 4075 coniungitur
1064 3957 1319 4086 quodnbdusequens
1340 4015 1394 4060 eet:
1409 4025 1484 4075 ,erpo

282 4077 311 4141 Ἰ5.
321 4079 347 4138 b.
366 4084 464 4126 secreta
473 4074 661 4142 aestimatione]
680 4071 749 4125 Flor.
758 4089 847 4126 omnes
881 4073 915 4124 ad
932 4074 1044 4128 alterum
1057 4076 1202 4128 membrum
1212 4076 1364 4128 adlunotum
1374 4092 1483 4146 respon-

253 4149 358 4212 praeter
376 4140 398 4194 C
416 4143 617 4207 existimatione,-
642 4158 695 4193 nou
716 4149 790 4193 muto
807 4148 847 4192 ta·
882 4143 928 4193 det
945 4142 1087 4212 particulae
1104 4152 1132 4194 ut
1149 4159 1217 4212 quae
1234 4143 1261 4194 in
1271 4143 1351 4214 priori
1359 4153 1408 4197 est.
1425 4143 1482 4198 De-

252 4226 313 4261 men
339 4208 492 4277 vulgatam,
517 4226 596 4278 quam
620 4209 701 4262 Bern.
724 4211 749 4260 Α
774 4207 847 4261 Leid
882 4209 959 4279 nique
968 4209 1074 4264 Medius
1090 4227 1170 4278 quam
1187 4221 1255 4264 maa
1272 4223 1360 4266 nostro
1377 4211 1483 4281 scripsit

252 4277 353 4330 Vosal
375 4285 491 4329 tuentur.
900 4295 929 4329 ro
946 4277 1017 4347 vulg.
1039 4295 1093 4330 meo
1115 4293 1130 4330 e
1152 4279 1284 4332 codicibus
1307 4281 1397 4349 qualos
1419 4288 1482 4332 sunt

287 4348 310 4412 ς.
328 4351 352 4398 (t.
388 4347 506 4397 rlouaenem
523 4345 616 4396 medici
623 4345 726 4408 fidem?
756 4343 790 4395 Iu
808 4354 847 4396 lc·
882 4295 994 4398 liernll
1012 4345 1085 4398 Leid.
1104 4347 1178 4400 Voss.
1200 4355 1223 4413 1,
1242 4348 1397 4416 quibuscum
1409 4347 1481 4400 Flor.

250 4414 390 4466 bunoculo
408 4431 468 4482 erpo
486 4413 549 4482 oct]
578 4411 667 4464 Editio
684 4411 802 4482 princeps
818 4421 848 4464 et
881 4413 1055 4484 Boonspirat
1073 4423 1156 4468 vestro
1164 4415 1300 4469 exbibens.
1318 4416 1412 4487 ltaque
1420 4433 1482 4486 pro-
