3324 5054
190 315 265 384 144
681 329 715 393 o.
734 328 858 382 cusan
883 331 968 396 num

186 513 333 583 citatem
359 509 484 602 hostis,
512 538 643 588 vanam
669 515 780 588 aciem
806 541 895 607 ease,
923 516 1079 590 extentis
1106 515 1288 606 cornibus,
1321 525 1432 588 ratus.

190 617 376 713 Ceterum,
416 625 509 698 sieut
547 652 655 699 curru
671 712 674 718 ,
693 625 890 712 eminebat,
930 623 1060 696 dextra
1095 626 1269 720 laevaque
1295 627 1343 699 ad
1369 629 1470 698 cir-e

188 735 407 807 oumstantia
440 737 584 834 agmina
622 737 743 807 oculos
769 757 967 826 manusque
1003 733 1271 820 circumferem,
1313 736 1434 808 Terra·

186 867 274 934 rum,
302 845 427 942 inquit,
455 873 539 945 quas
569 843 720 918 Oceanus
745 843 821 912 ltine
846 841 949 931 aduri,
975 841 1065 913 illinc
1091 841 1216 914 claudi
1240 842 1434 940 Hellespon

187 964 257 1044 tus,
287 956 392 1052 paulo
418 969 495 1028 arete
520 953 662 1042 damini,
690 953 760 1024 ram
785 976 852 1024 non
877 952 918 1024 de
940 952 1068 1051 pluria,
1094 953 1155 1026 sed
1180 953 1222 1024 de
1247 953 1366 1044 sunu,
1393 969 1432 1043 et,

187 1065 279 1162 qaod
311 1065 414 1138 satuti
438 1062 666 1159 praeponitis,
702 1061 843 1136 libertate
875 1062 1103 1161 piepnaudum
1139 1076 1194 1136 est.
1256 1063 1327 1138 Hie
1360 1065 1433 1138 dies
1454 1082 1494 1131 ιο

188 1173 457 1271 imperiumque
469 1171 598 1244 nullum
610 1174 756 1272 amplius
768 1173 853 1246 vide
864 1187 964 1262 oetas,
977 1186 1037 1244 aut
1056 1175 1231 1264 amonuit,
1250 1189 1309 1247 aut
1321 1176 1432 1274 finiet

186 1281 298 1378 Apud
319 1279 514 1388 ¹Granicum
545 1285 686 1357 minima
716 1285 841 1357 uirium
866 1296 966 1387 parte
997 1307 1073 1353 cum
1098 1282 1185 1354 hoste
1217 1286 1433 1358 certavimus:

188 1391 226 1464 in
254 1389 376 1469 Getica
401 1395 501 1469 ouras
528 1392 633 1492 Syna
654 1406 785 1492 poterat
809 1394 975 1488 enomere:
1001 1417 1125 1489 niapna
1151 1392 1357 1466 munimenta
1382 1418 1433 1464 re-

184 1502 250 1601 pni
279 1503 398 1604 Tibris
424 1518 521 1604 atquae
546 1504 735 1601 Euphrates
760 1513 863 1574 erum.
926 1499 1069 1574 Ventum
1094 1514 1142 1575 est
1167 1527 1219 1594 eo,
1244 1503 1334 1575 ande
1353 1503 1433 1602 pul·
1453 1523 1495 1572 11

187 1613 237 1686 sis
262 1639 305 1686 ne
327 1617 438 1714 ferque
470 1613 605 1712 quidun
639 1611 727 1686 bate
758 1624 814 1684 est.
871 1607 997 1684 Omnia
1022 1625 1090 1685 tam
1116 1613 1245 1686 diuum
1270 1613 1351 1688 tello
1378 1638 1433 1686 eu·

185 1722 308 1795 hausta
326 1735 407 1819 post
431 1735 559 1819 terpum
583 1733 677 1794 sum:
708 1746 775 1795 non
805 1721 930 1794 incolas
955 1748 1033 1794 moos
1059 1722 1173 1812 urbes,
1199 1748 1267 1796 non
1292 1724 1432 1798 rubores

186 1831 306 1904 liabem
330 1843 446 1904 terrae.
488 1828 653 1934 Coniupes
679 1856 805 1930 qaoque
831 1844 861 1903 et
886 1831 981 1904 liberi
997 1846 1179 1930 sequamur
1205 1831 1291 1905 banc
1317 1834 1433 1924 actem,

181 1954 312 2040 parata
337 1941 481 2015 hostius
505 1942 646 2040 praeda,
671 1941 741 2014 nesi
758 1965 826 2040 pro
852 1941 1037 2014 consumis
1066 1942 1264 2040 pepnoubus
1290 1967 1433 2041 mrpora

188 2052 400 2151 opponimus.
474 2049 573 2135 Quod
610 2075 761 2124 nuatum
790 2053 865 2152 fuit
896 2051 1068 2150 partium,
1106 2052 1294 2143 enercimm,
1334 2079 1433 2152 mum
1452 2074 1496 2122 12

180 2186 294 2260 poene
320 2162 484 2235 immensu
503 2160 664 2260 planities
689 2163 746 2260 oie
777 2176 915 2259 caperet,
947 2163 1158 2259 conmoroui:
1191 2188 1299 2261 equos,
1332 2188 1432 2236 arnan

187 2271 361 2346 distribui:
393 2285 605 2362 mmnteatiu,
641 2295 683 2344 ne
720 2285 827 2344 toruae
861 2272 1067 2346 multitudini
1090 2274 1250 2363 deessent,
1270 2273 1432 2370 providi:

187 2381 309 2472 burt,
345 2381 382 2454 in
416 2407 480 2482 quo
512 2383 600 2456 acres
631 2381 794 2480 explicari
819 2397 938 2482 posset,
971 2383 1061 2480 rapt.
1116 2380 1233 2457 Cetera
1259 2382 1296 2454 in
1322 2395 1432 2455 nestra
1451 2402 1494 2451 ts

182 2505 342 2590 potestate
366 2505 462 2568 sunt:
487 2493 603 2566 audete
628 2493 725 2567 modo
757 2493 894 2584 vincere,
919 2496 1129 2593 sarnumque,
1163 2492 1431 2590 iufirmissimum

190 2605 355 2678 adoneus
372 2606 481 2703 fortes
506 2603 597 2676 viros
623 2602 729 2694 telum,
756 2604 954 2676 conterende.

139 2715 188 2785 54
298 2711 484 2786 Teneritas
516 2725 571 2804 est,
603 2739 705 2811 quam
740 2712 850 2785 adbuc
880 2738 945 2810 pro
979 2714 1097 2786 virtute
1132 2712 1310 2784 ortuum.-
1342 2736 1427 2812 quae

100 2835 102 2838 ’
187 2821 246 2896 uti
263 2822 420 2922 mnium
452 2821 610 2919 impemm
643 2823 771 2922 dolend,
804 2823 892 2896 veltet
924 2824 1089 2921 atmodum
1123 2822 1287 2894 aninmlia
1312 2824 1432 2897 emisso

223 3106 290 3176 Cap.
318 3113 366 3174 53,
389 3108 412 3174 §.
435 3111 458 3159 8.
495 3124 589 3159 vanam
615 3108 697 3159 aciem
723 3109 792 3228 esse}
826 3105 890 3158 Non
907 3105 983 3176 potui
1001 3125 1053 3159 non
1070 3105 1121 3160 illis
1139 3105 1211 3159 libris
1293 3123 1431 3177 reaque·

186 3173 314 3245 Plerique
340 3175 416 3228 codd.
440 3177 543 3227 variam
570 3174 714 3242 exhibent,
746 3193 774 3228 se
826 3193 885 3227 mm
911 3191 1038 3227 consensu
1062 3189 1152 3227 errore
1170 3173 1217 3226 Lei
1238 3215 1244 3226 .
1262 3173 1367 3226 videtur
1384 3175 1432 3226 ab·

187 3241 258 3295 infra
274 3245 387 3295 mediam
405 3243 487 3294 aciem
505 3245 792 3297 vanametealaustam
826 3259 890 3294 esso.
927 3242 969 3296 cf.
992 3259 1059 3312 quae
1081 3241 1107 3294 in
1131 3259 1242 3312 mamm.
1259 3241 1319 3294 Lat
1338 3245 1361 3309 ς.
1381 3247 1431 3294 745

187 3309 216 3362 in
234 3311 285 3364 hoe
302 3311 384 3364 verbo
402 3319 592 3375 neumatum,
619 3327 706 3380 neque
730 3310 792 3364 lioet
826 3310 971 3363 docuimus.

186 3377 225 3430 ibi
249 3395 359 3448 quoque
381 3379 449 3430 sieut
470 3378 496 3430 h.
520 3377 536 3429 Ι.
559 3377 682 3430 Heinsius
708 3378 792 3432 voluit
862 3378 926 3447 Cap.
946 3383 993 3442 54,
1017 3380 1040 3445 §-
1061 3385 1100 3431 13.
1136 3379 1229 3431 emisso
1248 3379 1351 3445 aculeo]
1387 3377 1433 3431 Sic

186 3463 280 3498 raram
302 3446 423 3498 snubere.
459 3444 553 3524 Itaque
579 3445 645 3498 illud
661 3446 792 3498 neminem
826 3442 921 3514 optimi
937 3444 1012 3497 Leid.
1031 3445 1131 3498 Voss.1
1151 3445 1266 3498 BormA
1284 3445 1356 3499 Flor.
1371 3445 1432 3512 AB,

186 3513 373 3566 dubitaturum
390 3521 455 3582 puto
474 3531 537 3582 qmn
555 3514 678 3567 mondum
695 3514 791 3567 scriba·
826 3522 964 3584 praeterea
990 3511 1069 3566 ΕΘΗ
1100 3521 1128 3564 et
1156 3513 1238 3565 Bern.
1264 3512 1297 3565 B.
1342 3513 1432 3582 Vulgo

186 3599 248 3633 rum
265 3581 313 3648 sit,
332 3591 361 3633 et
378 3581 486 3633 solitum
503 3581 617 3701 guidem,
637 3589 667 3633 ut
684 3599 791 3634 accura-
826 3584 942 3648 omisso¹
971 3581 1043 3651 qnod
1061 3579 1168 3632 delendi
1187 3597 1263 3650 posse
1281 3599 1335 3634 non
1352 3598 1433 3702 nell&

186 3647 304 3701 tissimus
327 3648 464 3702 Drakenb.
487 3665 502 3701 a
538 3649 596 3702 Lir.
613 3663 695 3717 ΠΗ,
723 3658 751 3718 7,
775 3657 792 3704 4
827 3649 873 3701 sed
890 3651 993 3702 aculeos
1012 3651 1125 3702 emittere
1143 3647 1264 3704 usitatius
1282 3649 1360 3702 luisse

187 3717 276 3770 docet.
827 3717 910 3769 manis
936 3717 1109 3788 scriptoribus
1133 3724 1212 3786 puto:
1239 3717 1273 3770 of.
1301 3716 1356 3771 cic.
1403 3735 1434 3770 ro

223 3789 247 3850 5.
267 3791 291 3838 9.
327 3786 524 3837 circumstantia
551 3788 670 3854 apntiau]
698 3784 792 3838 Melius
829 3785 920 3839 Coelio
946 3793 992 3852 ¹²³
1024 3787 1047 3853 ξ.
1074 3792 1115 3839 29.
1160 3784 1214 3837 Sed
1244 3801 1301 3838 rem
1327 3735 1435 3840 conicit

188 3851 261 3904 haud
279 3853 360 3905 dubie
377 3852 435 3918 hoc,
454 3870 532 3922 quam
551 3853 623 3922 quod
641 3853 720 3922 vulgo
738 3854 792 3905 edi·
827 3853 896 3905 Livii
922 3851 994 3906 locus
1017 3863 1070 3905 tarn
1098 3852 1206 3919 similis,
1230 3861 1261 3906 ut
1284 3871 1345 3906 eum
1371 3862 1449 3918 antei

188 3929 234 3972 tur
264 3921 489 3980 circumstantium
515 3922 636 3988 apadno,
663 3922 794 3990 praebent
828 3919 920 3973 oculos
948 3921 1069 3973 videatur
1087 3921 1208 3974 habuisse
1235 3921 1356 3984 Curtius,
1387 3921 1433 3974 lib.

187 3986 271 4040 Snnk.
294 3989 380 4054 nodd,
398 3988 469 4040 Flor.
487 3986 641 4055 ABDFGL
668 3997 696 4042 et
714 3989 792 4041 Born.
828 4003 916 4056 mn,
942 3995 987 4042 42:
1009 3991 1203 4058 plorienturque
1221 3988 1337 4040 lioneani
1355 3999 1378 4040 te
1396 3991 1435 4042 ad

185 4055 214 4107 A
231 4072 291 4108 eam
309 4072 343 4108 en
360 4057 384 4109 B
404 4055 468 4108 nihil
486 4073 502 4107 a
519 4057 590 4126 vulg.
608 4055 737 4127 scriptura
754 4056 793 4108 di·
828 4074 907 4109 unum
925 4061 999 4110 modo
1018 4060 1095 4110 ictum
1114 4059 1238 4126 uiuentem
1256 4059 1323 4110 uelut
1341 4058 1432 4109 aculeo

191 4139 298 4175 versum
315 4133 447 4178 enotetur.
828 4127 921 4178 onusto
939 4137 1047 4194 torpere.
1083 4125 1124 4176 De
1147 4125 1303 4194 metaphora
1330 4125 1361 4178 cf.
1385 4124 1433 4178 vi-

222 4193 354 4262 libertate]
403 4193 492 4260 Vulgo
522 4195 553 4245 de
585 4195 716 4260 libertate‚·
747 4193 793 4245 sod
827 4203 894 4247 otor.
913 4198 975 4246 Var.
996 4195 1054 4246 lect.
1071 4207 1113 4258 111,
1135 4201 1174 4246 le.
1193 4192 1323 4263 Sequitur
1340 4203 1432 4261 torpet,

188 4258 318 4312 omittunt
342 4261 564 4330 praepositionem
581 4261 660 4313 Bern.
678 4265 704 4314 A
722 4261 791 4316 Flor.
828 4281 875 4332 pro
899 4279 951 4331 quo
980 4261 1007 4314 in
1030 4262 1087 4314 cod.
1110 4260 1183 4313 Leid.
1206 4261 1282 4314 Voss.
1311 4269 1322 4314 1
1351 4261 1432 4313 Bcrn.

186 4327 237 4380 AB
257 4327 334 4380 Voss.
355 4336 366 4381 1
392 4339 420 4380 et
442 4328 504 4380 odit.
529 4329 666 4396 Modiana,
689 4348 740 4398 pro
760 4330 791 4382 li·
828 4339 941 4399 utroquc
959 4339 987 4382 et
1009 4329 1080 4382 Flor.
1100 4329 1242 4382 CDEFHI
1268 4339 1369 4397 torpent
1394 4328 1432 4382 le·

187 4397 286 4448 ter-onte
304 4395 401 4465 legitur
427 4396 455 4449 in
477 4397 547 4450 Flor.
566 4396 644 4451 CGll
661 4399 740 4451 Bern.
758 4397 790 4450 B.
826 4397 910 4468 gitur3
930 4399 975 4452 sed
994 4397 1058 4450 nihil
1075 4399 1230 4452 muttmdum
1248 4397 1362 4450 uidetur.
