3324 5054
547 363 597 414 uu
625 361 751 416 cusms
782 359 892 411 anax.
918 359 968 428 rv,
996 361 1038 408 sa
1353 335 1425 406 143

177 555 319 618 rentur.
374 541 431 619 Ob
467 545 502 619 id
535 549 670 644 ipsum,
706 539 802 637 quod
834 542 946 638 ignoti
974 549 1109 628 essent,
1138 540 1309 636 ignobiles
1337 565 1426 613 esse.

140 653 377 752 eNunquam
403 659 560 755 ignorari
586 656 684 727 viros
711 653 837 724 sortes:
864 661 903 724 at
929 651 1098 740 imbelles,
1113 675 1159 722 ex
1180 649 1326 720 latebris
1354 651 1427 722 suis

179 781 324 856 erutos,
362 767 450 838 nihil
483 775 627 862 praeter
661 765 806 835 nomina
844 763 981 833 afferre.
1047 759 1261 834 Macedonas
1293 759 1428 830 virtute

178 887 387 962 assecutos,
419 897 467 945 ne
500 875 579 970 quis
612 883 691 948 toto
727 874 814 947 orbe
846 873 945 944 locus
979 883 1089 960 esset,
1125 871 1184 964 qui
1216 870 1305 942 tales
1332 869 1428 940 viros

140 987 376 1084 signoraret.
457 981 689 1059 Intuerentur
735 983 970 1054 barbarorum
1015 979 1234 1053 inconditum
1282 1003 1428 1074 nomnen:

178 1099 295 1169 alium
329 1094 417 1166 nihil
448 1107 594 1192 praeter
625 1094 780 1166 iaculum
812 1092 963 1180 habere,
999 1093 1106 1164 aliurn
1138 1088 1250 1162 funda
1275 1111 1365 1160 saxa
1391 1088 1429 1158 li·

179 1207 308 1294 brare,
338 1207 463 1302 paucis
499 1207 595 1278 iusta
622 1227 723 1275 arma
754 1225 843 1275 esse.
897 1201 1022 1300 Itaque
1048 1203 1142 1274 illinc
1169 1201 1289 1298 plures
1316 1207 1428 1270 stare:

142 1315 269 1388 ahino
294 1315 416 1413 plures
443 1315 685 1388 dimicaturos.
738 1311 812 1385 Nec
838 1315 1021 1410 postulare
1047 1337 1103 1402 se,
1134 1323 1180 1392 ‚ut
1210 1309 1351 1382 sortiter
1376 1333 1431 1379 ca·

178 1438 374 1526 pesserent
399 1426 585 1523 proelium,
599 1426 637 1496 ni
663 1425 739 1522 ipse
766 1425 892 1496 ceteris
918 1423 1135 1496 fortitudinis
1163 1423 1287 1495 fuisset
1313 1443 1431 1492 exem·

180 1539 297 1636 plum.
351 1532 399 1608 Se
430 1545 516 1607 ante
548 1536 664 1632 prima
696 1534 799 1632 signa
832 1533 1091 1607 dimicaturum.
1154 1529 1339 1631 Spondere
1364 1555 1432 1627 pro

182 1673 229 1721 se
254 1655 311 1718 tot
336 1646 529 1734 cicatrices,
543 1645 696 1717 totidem
723 1645 881 1742 corporis
910 1644 1054 1718 decora:
1081 1645 1170 1716 scire
1196 1642 1303 1738 ipsos,
1321 1665 1433 1711 unum

182 1781 304 1855 paene
331 1780 371 1829 se
397 1753 554 1853 praedae
581 1756 781 1827 eommunis
807 1767 1009 1844 exsortem,
1037 1757 1072 1827 in
1099 1754 1166 1826 illis
1194 1750 1350 1823 colendis
1377 1775 1432 1823 or-

147 1865 389 1962 rnandisque
424 1889 600 1962 usurpare
636 1865 807 1939 victoriae
845 1869 1012 1965 praemia.
1076 1863 1175 1936 Haec
1208 1887 1247 1934 se
1282 1862 1434 1935 fortibus

183 1977 277 2048 viris
303 1975 432 2048 dicere.
486 1970 524 2047 Si
551 1977 613 2070 qui
640 1975 828 2049 dissimiles
856 2002 980 2050 eorum
1007 1985 1138 2063 essent,
1165 1973 1224 2044 illa
1249 1973 1357 2044 suisse
1384 1971 1434 2043 di-

186 2097 352 2160 cturum:
378 2085 588 2182 pervenisse
615 2112 669 2176 eo,
696 2085 792 2159 unde
817 2088 941 2185 fugere
968 2112 1040 2160 non
1067 2093 1225 2182 possent.
1269 2081 1341 2154 Tot
1366 2093 1436 2156 ter·

185 2221 314 2270 rarum
349 2194 468 2292 spatia
502 2197 672 2286 emensis,
705 2207 761 2269 tot
792 2197 956 2268 amnibus
982 2195 1233 2289 montibusque
1259 2204 1343 2290 post
1369 2204 1438 2266 ter·
1527 2223 1530 2230 ’

186 2332 279 2406 gum
305 2305 465 2396 obiectis,
491 2307 561 2379 iter
586 2307 623 2379 in
649 2307 804 2404 patriam
830 2317 867 2379 et
895 2318 1044 2405 penates
1070 2329 1180 2376 manu
1206 2328 1284 2376 esse
1310 2302 1437 2376 facien-

151 2418 292 2492 sdum.
346 2413 404 2490 Sic
430 2413 552 2507 duces,
580 2417 630 2490 sic
658 2417 812 2514 proximi
839 2417 992 2488 militum
1019 2415 1176 2488 instincti
1203 2423 1296 2486 sunt.

298 2523 439 2598 Dareus
475 2526 513 2598 in
548 2528 654 2600 laevo
686 2551 798 2599 comu
825 2539 921 2616 erat,
957 2550 1088 2622 magno
1116 2549 1261 2596 suorum
1288 2525 1489 2621 agmine,53

191 2637 342 2712 delectis
369 2636 531 2732 equitum
558 2635 790 2735 peditumque
805 2639 976 2734 stipatus:
1004 2647 1336 2733 contempseratque
1355 2661 1440 2732 pau·

190 2803 381 2856 adventarent.
398 2799 539 2871 Significat
556 2802 639 2873 igitur
652 2803 806 2856 Alexander
840 2803 892 2856 ΕΗ
919 2803 999 2855 Bern.
1023 2803 1046 2855 B
1074 2801 1146 2854 libris
1171 2801 1238 2853 male
1261 2800 1318 2852 fidis
1344 2800 1441 2869 legitur

190 2869 345 2924 imbellibus
362 2869 515 2923 nationibus
532 2871 597 2924 salsa
616 2871 722 2924 nomina
740 2871 805 2941 Scy·
840 2873 1012 2940 appellentur,
1030 2870 1099 2922 unde
1109 2869 1192 2921 Aldus
1209 2869 1314 2920 ridetur
1326 2867 1442 2920 hausisse

192 2939 304 2992 thurum
313 2945 350 3015 'et
358 2937 544 3006 Cadusiorum,
563 2957 616 3010 quo
634 2939 805 2994 terribiliores
839 2941 910 3009 quod
929 2957 945 2991 a
963 2938 1070 3008 reliquis
1087 2946 1259 3008 propagatruu
1278 2953 1347 2988 nunc
1362 2937 1442 3007 vulgo

191 3013 295 3070 mut,
312 3005 421 3074 imponi,
439 3007 486 3058 sod
505 3023 540 3060 ue
556 3023 601 3062 eas
619 3009 727 3077 quidem
740 3025 805 3076 gen·
839 3007 945 3077 legitur.

192 3083 238 3128 tes
273 3071 383 3126 bellicae
412 3071 522 3127 virtutis
551 3075 659 3129 nomine
685 3076 805 3146 cognitas
875 3078 897 3142 ξ.
916 3083 940 3127 4.
977 3075 1139 3127 Macedonas
1161 3071 1230 3124 edidi
1254 3072 1440 3126 auctoritatem

192 3157 263 3196 esse.
298 3140 400 3193 Verum
417 3141 479 3193 edd.
504 3151 606 3196 veteres
625 3145 725 3197 habent
744 3145 806 3196 Sc·
840 3145 921 3197 Bern.
940 3143 964 3194 Α
982 3151 1010 3196 ct
1029 3142 1097 3194 Flor.
1116 3142 1163 3193 AB
1183 3149 1302 3204 secutuS,
1326 3141 1351 3192 id
1369 3141 1441 3210 quod

193 3213 314 3272 aarum,
342 3217 371 3262 et
389 3209 426 3262 sic
442 3209 514 3264 Flor.
532 3211 638 3265 ABCH
656 3213 736 3266 Bern.
755 3214 780 3264 Α
841 3211 868 3266 in
887 3213 936 3264 boc
953 3213 1034 3264 verbo
1059 3209 1140 3262 tutius
1165 3209 1243 3261 ctiam
1272 3208 1326 3260 tien·
1345 3209 1440 3278 potuit,

193 3277 274 3332 Leid.
290 3277 367 3354 Voss.
387 3283 459 3356 ¹2²2
476 3278 548 3332 haud
569 3281 649 3333 dubie
676 3283 806 3334 mendose.
842 3279 965 3351 quoniam
991 3279 1036 3331 illa
1053 3279 1135 3332 sonna
1153 3277 1227 3330 Livio
1245 3277 1442 3330 lanriliarissima

192 3346 358 3400 Emendarnt
384 3363 484 3414 primus
512 3347 539 3400 in
569 3348 641 3402 notis
668 3348 753 3402 Aldus
780 3357 808 3401 et
843 3356 892 3402 est.

193 3414 283 3467 edidit
303 3411 407 3478 lunius;
429 3413 529 3484 legitur
552 3425 642 3469 autern
665 3417 692 3469 in
709 3417 804 3470 ceteris
873 3419 895 3484 5.
915 3423 939 3470 0.
973 3417 1099 3484 spondere
1114 3431 1167 3494 pro
1193 3431 1219 3466 sc
1238 3423 1271 3466 tot
1290 3413 1440 3481 cicatrices]

192 3479 367 3536 Florentinis.
401 3481 502 3534 Mirum
523 3484 604 3537 etiarn
626 3485 653 3537 in
671 3485 804 3564 plerisque
839 3483 991 3554 Explicurtit
1004 3483 1152 3536 Gronovius
1170 3482 1196 3534 in
1216 3483 1293 3534 Obss.
1314 3496 1344 3546 11,
1365 3489 1388 3548 1,
1408 3487 1440 3534 8:

194 3550 276 3604 codd.
293 3557 322 3600 ct
338 3549 398 3601 edd.
416 3549 516 3602 Aldina
538 3552 731 3623 antiquioribus
748 3569 805 3606 csse
839 3570 895 3606 osse
913 3552 983 3604 enim
1000 3552 1066 3616 loro,
1094 3567 1121 3604 sc
1144 3567 1279 3620 sponsores
1306 3567 1336 3601 ac
1357 3557 1440 3602 testes

194 3635 215 3671 u
231 3619 374 3687 pellantur.
409 3617 531 3672 Utantur
548 3619 631 3690 igitur
648 3621 699 3675 hoc
715 3639 805 3674 exorn-
840 3619 1001 3675 fortitudinis
1015 3637 1076 3673 suae
1090 3620 1204 3690 proferre
1218 3618 1361 3682 cicatrices,
1375 3635 1440 3688 quus

195 3637 252 3758 plo,
273 3683 367 3754 quibus
385 3683 560 3740 Ruhnkenius
583 3689 616 3742 ad
635 3688 719 3742 Rutil.
737 3689 804 3760 Lup.
840 3690 952 3744 totidem
970 3697 1107 3760 separare
1125 3686 1238 3756 corporis
1257 3688 1357 3739 decora.
1390 3685 1441 3738 Su-

194 3773 224 3826 p.
243 3759 281 3832 ⁹⁸.
295 3753 468 3823 persuaserit,
487 3755 558 3810 bunc
575 3756 712 3812 indicativi
731 3777 806 3810 usum
840 3758 903 3812 stuli
935 3758 1017 3826 igitur
1047 3755 1283 3827 interpunctionem
1314 3763 1373 3823 post
1399 3772 1442 3806 se.-

194 3840 251 3876 non
273 3829 343 3873 nter
366 3821 510 3876 scribarum
526 3841 631 3879 errores
649 3827 807 3897 ponendum,
840 3827 976 3879 enrendnvi
994 3825 1073 3877 ctiam
1092 3835 1134 3890 tot,
1154 3841 1200 3894 pro
1237 3841 1271 3874 no
1288 3823 1368 3890 rulgo
1385 3822 1440 3873 orli-

194 3891 244 3944 sed
263 3889 290 3942 in
307 3905 414 3942 censum
432 3891 518 3944 bonae
527 3893 683 3948 Latinitatis
692 3896 806 3947 rescren·
840 3903 886 3948 tur
903 3905 976 3963 quot,
1004 3894 1072 3945 iussu
1092 3892 1208 3945 codicum
1250 3889 1439 3943 lorentinorum

194 3959 262 4011 duur
279 3972 343 4010 esse.
379 3957 511 4028 Equidem
538 3979 591 4014 non
614 3962 721 4015 memini
740 3963 806 4016 Cur·
841 3962 946 4034 quidem
963 3961 1078 4014 omnium
1096 3970 1200 4031 practer
1226 3959 1295 4012 Ect
1313 3957 1352 4022 G,
1375 3957 1440 4010 alio·

79 4035 84 4044 '
195 4027 265 4080 tium
283 4042 393 4096 usquam
410 4025 448 4080 sic
464 4027 571 4093 dixisse,
589 4037 619 4082 et
637 4031 741 4101 corrigo
759 4049 807 4110 up·
841 4051 898 4084 rum
924 4031 1004 4083 etiam
1048 4029 1205 4082 lurimorunr.
1243 4027 1294 4079 Pro
1316 4027 1441 4095 eoquod

190 4093 608 4220 t‘sudd‘mm'ullibbllild
625 4108 762 4221 ”tall
779 4117 807 4220 2¹5-
842 4095 1441 4236 ⁰⁵}‘⁰l“⁰':-:....·¹tt·llt'tlt‘llttl:

196 4231 339 4284 nontaceri
362 4231 432 4284 soret
457 4241 547 4287 onum
572 4251 629 4288 ese
647 4224 728 4289 treus.
766 4235 806 4290 ct.
842 4253 883 4289 ros
905 4236 990 4300 (rior.
1013 4235 1127 4288 cucur
1155 4235 1233 4286 urin.
1262 4233 1297 4300 u)
1324 4243 1352 4283 er
1378 4231 1441 4283 aur.

197 4277 238 4352 ad
252 4315 322 4364 vm,
351 4305 382 4352 1ss
405 4307 434 4352 et
461 4319 529 4372 quae
555 4305 681 4358 annotavi
699 4306 733 4356 ad
752 4303 806 4358 Cic.
842 4305 966 4374 antiquae
985 4305 1111 4357 instructi.
1138 4301 1168 4355 lu
1186 4302 1311 4355 Modiana
1329 4301 1441 4370 priururu

196 4368 225 4422 iu
243 4368 322 4420 Vcrr.
341 4381 386 4434 tv,
411 4375 425 4422 G
451 4371 473 4436 ξ.
494 4379 535 4425 12.
572 4371 630 4426 Nec
649 4382 725 4426 retus
742 4373 807 4427 scn'-
842 4374 894 4445 logi
914 4374 1038 4426 instincti.

197 4445 279 4508 ptura
295 4443 349 4500 est,
368 4436 417 4490 sod
433 4441 579 4508 consocio,
599 4443 672 4512 quod
691 4443 717 4496 in
735 4442 806 4496 Flos.
