3300 5044
138 293 143 301 ·
220 346 295 417 454
383 297 386 303 A
684 357 718 420 Q.
746 353 868 406 ouarn
892 353 978 408 nuri

216 544 279 614 nit
333 537 413 629 Quo
440 553 631 641 conspecto
657 539 880 632 Alexander,
918 541 989 614 iam
1021 565 1095 614 non
1121 538 1218 614 vitae
1244 563 1350 630 suae,
1388 535 1458 612 sed
1477 554 1509 603 1⁵

216 653 341 725 mortis
368 651 534 725 solatium
560 654 806 752 supervenisse
832 663 943 742 ratus,
969 652 1084 748 clipeo
1108 651 1298 748 fatigatum
1324 675 1459 747 corpus

218 762 368 860 excepit
430 759 536 862 Subit
573 763 655 836 inde
681 762 864 849 Timaeus,
904 772 941 834 et
979 762 1086 858 paulo
1125 772 1211 858 post
1235 759 1458 850 Leonnatus,

218 874 308 946 huic'
326 873 516 947 Aristonus
543 874 757 970 supervenit
802 871 881 943 Indi
907 893 1058 966 quoque,
1085 894 1168 942 cum
1193 871 1290 944 intra
1314 871 1461 942 moenia
1481 889 1512 934 ιε

216 1008 339 1082 regern
365 1009 443 1058 esse
467 983 731 1080 comperissent,
757 981 895 1053 omissis
914 979 1051 1066 ceteris,
1077 979 1161 1050 illuc
1187 991 1459 1070 concurrerunt,

220 1097 465 1193 urgebantque
496 1101 734 1190 protegentes,
785 1087 843 1162 Ex
869 1089 997 1186 quibus
1024 1087 1206 1180 Tnnaeus,
1238 1091 1359 1162 multis
1393 1090 1460 1162 ad·

219 1229 324 1278 verso
351 1226 500 1300 corpore
525 1201 732 1274 vulneribus
758 1201 928 1298 acceptis,
961 1200 1175 1298 egregiaque
1200 1196 1299 1272 edita
1323 1223 1460 1296 pugna,

219 1311 360 1402 cecidit3
400 1311 593 1386 Peucestes
631 1337 772 1410 quoque
797 1312 912 1385 tribus
945 1311 1069 1385 iaculis
1095 1309 1281 1384 confossus
1313 1335 1387 1382 non
1413 1335 1459 1384 se
1480 1330 1511 1376 rr

220 1432 341 1498 tamen
368 1433 486 1516 scuto,
522 1423 587 1497 sed
611 1435 733 1522 regem
759 1425 945 1514 tuebatur3
977 1422 1201 1511 leonnatus,
1236 1419 1324 1494 dum
1349 1421 1462 1495 avide

219 1545 363 1610 ruentes
389 1535 563 1610 barbaros
589 1549 808 1626 summovet,
842 1534 981 1608 cervice
1005 1532 1165 1629 graviter
1196 1532 1269 1605 icta
1294 1532 1463 1606 semiani-

219 1646 286 1718 mis
313 1644 504 1743 procubuit
528 1656 611 1718 ante
636 1647 729 1742 regis
755 1644 875 1743 pedes.
918 1641 995 1716 lam
1020 1652 1058 1715 et
1083 1640 1277 1716 Peucestes
1302 1643 1462 1716 vulne1i·
1484 1663 1518 1712 ra

158 1763 161 1768 ’
218 1758 288 1830 bus
312 1757 483 1852 fatigatus
510 1756 735 1828 summiserat
760 1755 925 1854 clipeum:
957 1753 995 1826 in
1021 1751 1195 1825 Aristono
1220 1775 1305 1849 spes
1332 1753 1464 1826 ultima

219 1864 398 1938 haerebat
437 1863 506 1938 Hic
531 1889 672 1964 quoque
697 1865 854 1962 graviter
876 1863 1018 1938 saucius
1044 1871 1184 1936 tautam
1200 1862 1275 1934 vim
1299 1863 1464 1937 hostium

195 1977 199 1982 ’
219 1976 315 2049 ultra
340 1977 516 2050 sustinere
541 2001 614 2050 non
640 1985 790 2073 poterat
841 1974 940 2048 Inter
972 1973 1061 2046 haec
1086 1972 1134 2045 ad
1159 1971 1376 2078 Macedonas
1401 1995 1518 2048 re-1s

219 2111 302 2184 gem
327 2086 504 2162 cecidisse
520 2088 615 2160 fama
631 2087 769 2184 perlata
795 2095 859 2160 est
899 2083 1101 2158 Terruisset
1127 2083 1227 2174 alios,
1253 2083 1351 2180 q'uod
1375 2084 1463 2160 illos

220 2196 391 2270 incitavit
441 2194 605 2296 Namque
628 2197 784 2297 periculi
800 2196 919 2272 onmis
941 2196 1167 2269 immemores
1194 2187 1351 2268 dolabris
1378 2220 1464 2294 per-
1493 2230 1497 2236 ·

217 2307 358 2407 fregere
383 2333 536 2402 murum,
562 2318 599 2382 et
623 2308 832 2406 quamoliti
856 2318 960 2382 erant
975 2305 1125 2396 aditum,
1150 2305 1312 2404 irrupere
1337 2306 1375 2378 in
1399 2331 1463 2380 ur·

221 2421 320 2510 bem,
345 2417 524 2516 Indosque
550 2420 669 2518 plures
693 2420 888 2518 fingentes,
922 2441 1031 2515 quam
1057 2415 1227 2513 congredi
1253 2441 1360 2490 ausos
1367 2473 1376 2508 ,
1402 2442 1464 2492 ce-
1494 2437 1499 2442 ·

222 2530 395 2604 ciderunt
433 2525 517 2602 Non
533 2531 687 2621 senibus,
712 2555 785 2603 non
802 2529 950 2618 seminis,
977 2551 1050 2602 non
1068 2527 1263 2602 infantibus
1281 2528 1463 2626 parcitur:
1483 2550 1520 2598 ac

224 2641 382 2738 quisquis
408 2652 627 2733 occurrerat,
658 2640 704 2716 ab
736 2642 796 2714 illo
822 2641 1050 2714 vulneratum
1082 2663 1206 2736 regem
1231 2663 1310 2712 esse
1336 2638 1460 2714 crede·

222 2751 319 2824 bant
372 2749 602 2848 Tandemque
636 2751 873 2824 internecione
908 2750 1066 2824 hostium
1090 2749 1207 2824 iustae
1233 2751 1306 2824 irae
1332 2773 1462 2847 paren-

222 2854 338 2935 tatum
365 2872 430 2937 est
482 2860 742 2951 Ptolemaeum,
768 2861 828 2957 qui
852 2869 981 2957 postea
1004 2859 1181 2958 regnavit,
1207 2860 1290 2934 huic
1313 2885 1461 2958 pugnae
1485 2882 1519 2930 21

223 2961 376 3063 affirisse,
403 2981 529 3046 auctor
554 2983 611 3046 est
636 2969 833 3046 Clitarchus
860 2969 1144 3070 etTimagenes.
1184 2967 1257 3060 Sed
1282 2973 1370 3069 ipse,
1395 2971 1465 3074 scif

256 3211 339 3288 515.
375 3207 682 3277 sasimensium]
717 3204 822 3260 uotiua
890 3209 973 3271 ΗΟ.
1008 3209 1180 3261 internecione
1197 3207 1317 3275 Madian]
1348 3203 1465 3261 variant

222 3293 295 3330 emus
321 3277 488 3330 membranae
517 3274 544 3328 in
561 3274 610 3329 hac
637 3283 712 3346 parte
736 3271 821 3345 operis
856 3273 915 3328 libri
932 3274 960 3328 in
976 3275 1027 3328 hac
1043 3289 1110 3330 voce
1127 3273 1273 3340 exaranda3
1291 3275 1464 3328 internicione

222 3341 398 3414 interpolatae
415 3343 554 3411 videntur,
576 3345 682 3404 subinde
702 3343 822 3396 iunceus
854 3341 935 3395 Pell
961 3343 1068 3397 Voaal
1096 3343 1167 3396 Flcr.
1186 3342 1235 3396 AB
1258 3343 1339 3396 Bern
1356 3347 1396 3406 A,
1420 3345 1464 3396 ὑι-

222 3411 315 3478 cdidlt,
342 3412 414 3483 quod
439 3411 468 3465 in
494 3429 547 3465 uuo
568 3410 640 3464 Flcr.
666 3409 691 3464 G
716 3408 822 3480 legitur.
855 3412 991 3464 ternitt'one
1013 3411 1088 3464 Laid.
1109 3411 1221 3464 Vocat
1244 3410 1318 3466 Flor.
1336 3409 1464 3466 cuum

222 3480 312 3534 Habet
337 3481 443 3552 quidem
469 3496 502 3532 ea
529 3496 583 3533 vox
608 3479 678 3549 apud
701 3477 822 3532 Curtium
854 3478 935 3532 Bam.
954 3479 986 3533 B.
1021 3479 1078 3533 Soli
1095 3477 1167 3533 Flor.
1186 3478 1228 3532 HI
1244 3479 1380 3550 uulgarem
1396 3480 1465 3532 rati-

223 3567 278 3604 noa
295 3567 354 3604 raro
371 3547 588 3620 significationem
599 3549 683 3616 pardo
695 3555 769 3628 post,
791 3553 823 3600 ut
855 3563 933 3600 ouem
964 3556 1119 3618 sequuntur.
1162 3545 1194 3600 In
1219 3545 1332 3601 Caesare
1357 3547 1463 3602 edendo

221 3633 276 3684 vrr,
294 3625 326 3673 ³2
344 3618 379 3673 in.
392 3632 432 3686 vs,
450 3623 482 3672 27
501 3624 582 3682 catr.;
601 3629 641 3682 nt,
651 3623 683 3671 tt
701 3635 747 3682 m.,
764 3633 823 3670 curn
842 3614 1031 3669 ·Scl1neiderus
1065 3615 1195 3670 scribendi
1225 3616 1356 3670 rationem
1381 3619 1465 3686 pera*

223 3685 286 3740 alibi
303 3687 373 3740 idem
394 3688 483 3741 valcat
508 3685 579 3757 quod
596 3683 743 3739 intermissa
769 3703 822 3739 non
856 3684 971 3736 litteram
996 3684 1031 3736 ad
1047 3684 1155 3739 modam
1175 3684 1250 3738 verbi
1270 3685 1402 3754 pernicies
1420 3700 1463 3737 aa·

223 3753 307 3808 multo
332 3765 453 3826 tempore
478 3755 533 3810 sive
553 3753 669 3825 saepius,
695 3753 743 3806 sed
768 3769 823 3806 non
856 3759 931 3806 cutus
948 3760 1003 3817 est,
1024 3752 1085 3806 vide
1105 3769 1166 3806 eum
1182 3753 1217 3805 ad
1239 3751 1297 3806 libr.
1315 3751 1329 3805 1
1347 3753 1381 3805 da
1396 3751 1463 3808 bell.

223 3830 313 3893 potest
339 3830 427 3876 tamen
453 3822 521 3876 idem
543 3823 651 3877 verbum
676 3822 822 3892 supervenit
857 3817 927 3873 Gall.
952 3830 1036 3875 c.14.
1071 3820 1151 3885 Quod
1177 3820 1286 3874 Curtius
1311 3820 1350 3874 ait
1374 3823 1464 3874 laetae

223 3897 252 3942 et
269 3907 327 3944 cum
336 3890 467 3944 adverbiis
475 3892 601 3962 temporis
609 3893 726 3957 subinde,
741 3890 822 3960 paulo
857 3890 914 3942 irae
957 3899 1104 3942 armantem
1129 3900 1168 3943 eet
1199 3889 1316 3942 notabile
1345 3888 1462 3955 videtur,

219 3967 290 4028 poet,
308 3966 337 4010 et
354 3976 413 4012 cum
427 3959 517 4013 dativo
538 3961 597 4012 taic
613 3957 742 4029 coniungi.
766 3957 822 4012 lta·
857 3955 924 4028 siqui
943 3974 984 4010 em
1002 3956 1065 4012 alibi
1081 3974 1134 4011 non
1152 3956 1201 4010 nisi
1213 3959 1324 4010 mmsis
1337 3965 1464 4028 peracta

223 4042 275 4096 que
300 4026 435 4108 vulgatam
457 4025 534 4081 unice
578 4028 649 4082 robo.
691 4028 745 4082 Pro
762 4028 822 4081 iaia
857 4033 913 4091 tur,
930 4027 977 4079 aad
994 4025 1041 4079 illa
1067 4025 1106 4080 ira
1124 4025 1176 4080 luit
1192 4027 1228 4080 ob
1252 4036 1363 4080 mortem
1379 4025 1462 4096 regia

224 4098 384 4148 autemtmc
397 4095 480 4148 estin
492 4095 551 4148 edd.
597 4096 690 4149 odiam
707 4097 762 4148 anti
782 4095 821 4148 ui·
891 4098 917 4161 s.
933 4101 974 4148 tl.
1009 4105 1033 4148 et
1053 4096 1216 4164 ltmaqenes]
1244 4093 1343 4148 Mirum
1360 4095 1462 4148 inmas.

224 4162 313 4216 oribus
328 4170 357 4216 at
373 4161 447 4218 co'dd.
461 4163 659 4216 BernssFlor.
672 4163 771 4217 DEFG
800 4163 822 4217 l.
857 4179 914 4218 esse
934 4164 1111 4234 lynthesten,
1134 4165 1302 4232 timagenem,
1325 4173 1463 4232 tycyenen,

258 4233 281 4300 5.
300 4237 341 4286 19.
366 4233 478 4352 pertendi
495 4233 590 4302 omnis]
616 4232 687 4284 Ante
704 4232 822 4284 lldodium
858 4235 1006 4312 tticqenon,
1023 4249 1078 4286 scm
1097 4247 1127 4284 er
1143 4231 1296 4285 accusativo
1315 4248 1384 4284 casu.
1411 4230 1467 4304 Hi:

224 4316 310 4354 omnm
319 4300 368 4352 ede
388 4308 456 4367 atur,
475 4301 545 4370 quod
563 4299 661 4370 legitur
677 4299 704 4352 in
722 4299 756 4352 ali
774 4309 823 4353 uot
858 4309 969 4354 stoncus
992 4309 1034 4354 est
1091 4299 1263 4364 exandi-inus,
1285 4299 1330 4371 qui
1352 4299 1463 4364 Quinti-

225 4368 301 4423 codd.
320 4367 459 4422 deterioris
475 4367 592 4435 ordinis,
610 4367 680 4422 Flor.
699 4368 745 4424 OE
770 4368 823 4422 GH
858 4367 950 4424 tiliano
972 4378 1041 4424 teste
1057 4367 1146 4423 instit.
1165 4383 1199 4432 x,
1220 4375 1243 4434 1,
1263 4373 1295 4420 '15
1322 4367 1463 4422 intermor-

225 4438 301 4492 Voss.
320 4443 335 4491 2
355 4437 412 4491 Pal.
431 4445 444 4490 1
464 4437 544 4491 Bem.
563 4435 595 4490 B.
858 4445 932 4491 tuam
949 4437 1115 4494 Graecorum
1140 4437 1169 4491 iu
1195 4435 1306 4490 historia
1330 4437 1464 4491 tradenda
