3260 5042
549 317 600 368 nii
627 315 755 369 cnsris
781 315 892 368 anax.
918 317 971 387 ni,
991 313 1017 367 ι.
1358 299 1403 370 15

159 493 288 570 diebus
313 497 427 572 totius
453 500 541 572 anni
566 525 672 596 pares
698 522 868 586 numero;
897 499 1028 594 quippe
1055 499 1174 573 Persis
1200 525 1342 598 quoque
1367 500 1405 572 in

109 627 140 676 ll
159 606 313 682 totidem
348 607 425 682 dies
459 607 661 703 descriptus
696 617 753 679 est
787 631 913 681 annus.
976 605 1129 680 Currum
1163 608 1293 684 deinde
1328 610 1406 684 Iovi

157 729 342 794 sacratum
367 719 533 790 albentes
559 715 744 790 vehebant
769 718 873 816 equi:
899 719 967 792 hos
986 718 1136 792 eximiae
1149 719 1405 814 magnitudinis

157 855 283 926 equus,
311 851 420 925 quem
446 822 540 899 Solis
555 829 807 925 appellabant,
834 829 1060 924 sequebatur.
1112 829 1255 901 Aureae
1282 829 1405 925 virgae

106 950 139 998 1²
157 949 196 1012 et
222 940 326 1046 albae
351 945 475 1010 vestes
502 947 670 1034 regentes
696 962 808 1034 equos
843 935 1079 1010 adornabant
1138 935 1246 1009 Haud
1280 939 1406 1037 procul

105 1070 138 1120 is
156 1057 263 1124 erant
287 1046 456 1120 vehicula
482 1046 608 1121 decem
633 1049 747 1120 multo
774 1073 863 1121 auro
890 1057 1111 1144 argentoque
1137 1047 1283 1120 caelata
1343 1047 1405 1122 Se·

155 1155 338 1254 quebatur
363 1157 455 1230 haec
481 1157 662 1252 equitatus
689 1153 880 1231 duodecim
911 1159 1072 1254 gentium
1097 1157 1205 1230 variis
1232 1157 1341 1230 armis
1367 1167 1406 1232 et

154 1265 328 1340 moribus.
381 1265 546 1339 Proximi
578 1266 681 1339 ibant
714 1293 805 1364 quos
839 1266 973 1341 Persae
1004 1265 1226 1341 immortales
1260 1277 1403 1359 vocant,

155 1375 206 1448 ad
233 1376 359 1450 decem
387 1376 494 1448 milia.
531 1373 659 1450 Cultus
685 1378 891 1476 opulentiae
916 1378 1091 1451 barbarae
1116 1403 1189 1450 non
1216 1379 1305 1451 ahos
1329 1403 1404 1450 ma·

153 1487 212 1584 gis
234 1486 469 1560 honestabat:
495 1485 547 1558 illi
572 1511 702 1560 aureos
727 1495 885 1584 torques,
910 1487 961 1560 illi
986 1498 1125 1560 vestem
1158 1513 1246 1562 auro
1282 1487 1404 1560 distin·

153 1607 254 1670 ctam
279 1595 474 1686 habebant,
500 1596 768 1694 manicatasque
799 1597 955 1687 tunicas,
981 1599 1131 1695 gemmis
1157 1599 1266 1672 etiam
1301 1598 1404 1671 ador·

101 1730 134 1778 ii
152 1715 272 1778 natas.
324 1703 470 1803 Exiguo
504 1707 715 1798 intervall0,
746 1732 838 1806 quos
872 1718 1046 1805 cognatos
1080 1709 1174 1806 regis
1195 1710 1404 1807 appellant,
1527 1747 1531 1755 ·

152 1813 284 1888 decem
310 1825 348 1888 et
373 1816 532 1912 quinque
556 1818 656 1890 milia
680 1819 875 1892 hominum.
936 1816 1036 1892 Haec
1069 1843 1157 1892 vero
1192 1818 1302 1891 turba
1325 1843 1403 1892 mu·

149 1925 316 1997 liebriter
329 1925 713 2024 propemodumculta,
739 1930 830 2002 luxu
854 1929 971 2026 magis
995 1953 1104 2025 quain
1130 1926 1268 2002 decoris
1295 1929 1403 2002 armis

99 2051 132 2100 1⁵
150 2036 350 2132 conspicua
388 2047 480 2110 erat
551 2035 792 2136 Doryphoroe
830 2037 1056 2111 vocabantur
1100 2039 1305 2137 proximum
1346 2038 1403 2111 his

149 2169 310 2242 agmen,
342 2147 439 2220 'soliti
471 2156 612 2220 vestem
638 2140 997 2246 excipere'regalem.
1061 2146 1108 2220 Hi
1139 2173 1283 2222 curium
1308 2149 1403 2244 regis

98 2275 130 2324 is
149 2255 363 2348 anteibant,
393 2282 468 2354 quo
494 2257 571 2360 ipse
597 2259 758 2332 ominem
783 2259 994 2332 vehebatur.
1050 2258 1250 2355 Utrumque
1276 2281 1402 2330 currus

147 2367 251 2439 latus
279 2363 431 2440 deorum
456 2367 647 2441 simulacra
673 2394 722 2442 ex
738 2394 826 2442 auro
853 2376 1074 2465 argentoque
1100 2379 1273 2464 expressa
1298 2366 1403 2441 deco·

146 2477 306 2550 rabant:
334 2477 606 2575 distinguebant
626 2479 875 2552 internitentes
900 2501 1063 2576 gemmae
1088 2479 1220 2574 iugum,
1248 2501 1295 2550 ex
1328 2501 1399 2574 quo

148 2587 365 2660 eminebant
390 2585 464 2661 duo
491 2613 603 2662 aurea
629 2591 832 2663 sumulacra
858 2588 1043 2677 cubitalia,
1069 2612 1223 2686 quorum
1249 2587 1403 2662 alterum

187 2815 214 2880 ς.
236 2818 277 2865 ll.
294 2823 412 2881 reperim
429 2816 523 2886 quor]
551 2820 669 2869 rectores
686 2829 768 2886 equo-
801 2824 885 2868 teraiii
901 2815 931 2866 lii
945 2815 1099 2868 cumomni
1116 2813 1177 2865 belli
1194 2810 1401 2882 FleaDEapr.

147 2897 227 2944 rum,
244 2888 278 2932 iit
294 2878 370 2934 Suet
389 2881 446 2935 Tit
465 2893 490 2936 4.
801 2900 837 2936 m.
854 2885 922 2936 alter
938 2885 967 2936 ιἰι
984 2884 1146 2946 alterutrius,
1164 2853 1234 2934 lilor.
1244 2878 1271 2933 G
1287 2897 1303 2932 ιι
1320 2897 1402 2950 pnm.

186 2950 214 3015 §-
235 2955 277 3001 1³.
320 2951 451 3028 epulatio
477 2952 615 3004 &sedecim
637 2951 767 3021 amima]
801 2953 869 3004 alter
885 2952 915 3004 iii
931 2953 1051 3016 sitm,
1076 2948 1189 3002 stoan
1210 2949 1403 3017 molter

147 3013 243 3068 Recte
259 3013 446 3071 Βὼιιιιοᾱαιιιι
466 3018 503 3070 ‹le
522 3018 662 3072 duodecim
682 3017 767 3072 tribn-
801 3020 831 3074 ia
853 3020 1008 3072 attentum
1030 3017 1158 3070 caldelli.
1195 3015 1229 3068 lii
1251 3015 1403 3086 vulgaribus

147 3083 204 3136 lina
218 3081 361 3138 Persarum
378 3085 520 3139 intellexit
534 3086 659 3156 Xenopla
668 3085 766 3156 Cyrop
801 3085 923 3140 adiiciw
933 3087 1170 3156 pnetateffipiem,
1187 3085 1258 3154 quod
1274 3084 1302 3138 in
1395 3125 1402 3138 .

146 3166 172 3216 1,
191 3158 224 3216 2,
241 3157 258 3204 ⁵
278 3148 389 3205 datm
404 3153 438 3225 γ’
477 3161 526 3206 καὶ
542 3160 663 3226 Περσῶν
681 3152 769 3224 φυλαὶ
801 3153 872 3207 Flor.
891 3152 917 3208 G
933 3161 985 3220 ast,
1001 3154 1133 3207 omittitur
1149 3161 1238 3206 tutem
1255 3152 1283 3205 in
1300 3153 1370 3206 Flor.

149 3218 315 3292 διῄρηνται.
327 3175 625 3301 ,samnitarum
634 3221 768 3292 pertinere
801 3221 830 3273 Η
846 3221 927 3275 Bern.
944 3222 971 3275 A
987 3230 1016 3275 et
1032 3221 1106 3300 leid
1132 3222 1184 3288 (dc
1200 3221 1278 3274 Voss.
1301 3228 1313 3272 1
1341 3219 1402 3274 silet

148 3295 226 3360 puto
246 3287 282 3340 ad
307 3289 438 3342 divarum
464 3291 601 3360 pugnandi
627 3290 766 3356 rationein,
801 3289 946 3356 Snakenb.)
964 3289 1014 3344 aa
1031 3306 1151 3370 princeps
1167 3305 1275 3357 quorum
1291 3290 1403 3342 auem

148 3361 289 3427 quatenus
305 3363 354 3409 aut
370 3356 467 3411 hona
482 3358 639 3430 sagittisque
656 3359 767 3412 uteban-
802 3360 830 3410 iri
847 3360 959 3411 altem
976 3361 1035 3410 tolli
1051 3359 1174 3426 petebant
1192 3357 1320 3476 ffpiem,
1341 3355 1402 3410 Mo-

148 3433 201 3479 tur
220 3431 269 3476 aut
284 3424 407 3493 rtnbilem
424 3443 544 3496 pugnam·
558 3427 740 3480 coemebant
801 3425 860 3480 diua
877 3426 1198 3495 quonmoberampacis,
1216 3442 1233 3476 c
1256 3442 1328 3478 erum
1341 3425 1403 3476 belli

187 3495 216 3560 ς.
236 3497 278 3544 15.
296 3493 467 3562 Doryphoroe
484 3495 657 3564 wwbontar]
678 3495 767 3562 Dory·
819 3496 905 3547 erebat
929 3496 1050 3562 ffpiem.
1090 3492 1144 3546 Sed
1166 3493 1275 3570 deorum
1296 3491 1405 3545 nomina

144 3559 351 3632 pdon'Aldiua
375 3579 408 3614 nc
433 3561 530 3614 deinde
554 3561 604 3615 reli
677 3580 684 3628 ς
720 3563 767 3615 red
798 3512 928 3632 inceptui
950 3561 1067 3632 Scaliger
1092 3559 1139 3629 (iii
1155 3560 1246 3612 Addit
1264 3559 1350 3629 operis
1368 3560 1403 3613 de

148 3629 223 3683 edit.
252 3627 344 3708 prinae
400 3631 457 3682 diri
490 3647 536 3683 ore
565 3579 681 3684 etqdhii
706 3647 766 3682 mss.
800 3630 933 3708 emendat.
948 3638 1029 3708 temp.
1065 3627 1403 3708 Ι,7,51)ιὶιιιιιιιιιιίιιιξιιιῳ

147 3711 248 3750 omnes
265 3645 436 3764 donpi'orae,
460 3699 616 3768 doriplore,
640 3700 766 3767 (tonsore,
800 3697 934 3750 intellexit
950 3697 1027 3749 fiiisse
1064 3715 1099 3748 im
1122 3705 1151 3748 ct
1168 3695 1235 3762 Beh,
1253 3705 1308 3748 auti
1382 3715 1407 3748 ι-

147 3763 245 3818 nullas
260 3771 335 3816 certe
350 3781 412 3818 cum
428 3763 527 3819 Latina
544 3766 730 3819 terminatione
746 3767 765 3816 ι’.
800 3782 902 3819 morum
930 3781 1022 3835 regum
1044 3764 1166 3834 Amisiae
1190 3771 1218 3816 et
1242 3763 1317 3832 Baby
1362 3763 1404 3816 iae

146 3833 175 3886 A
294 3830 425 3886 Graecam
441 3851 472 3886 oe
487 3833 680 3887 restituendam
697 3849 766 3886 esse:
800 3838 970 3953 qipiamqnain
988 3833 1067 3886 Belus
1088 3833 1168 3885 etiam
1185 3831 1315 3885 vetustior
1330 3832 1403 3885 Nino

177 3939 184 3952 .
210 3909 331 3954 noetrani
352 3909 443 3954 annot
464 3902 499 3954 nd
522 3902 578 3956 (lic
600 3901 659 3955 hbr.
683 3916 716 3954 iv
738 3901 766 3953 in
828 3909 850 3954 it
881 3901 1016 3971 seciitique
1024 3919 1084 3953 eum
1092 3908 1155 3953 sunt
1166 3899 1324 3952 recentiores
1341 3899 1403 3952 inde

149 3969 233 4022 Verr.
251 3975 280 4032 8,
299 3972 322 4036 ς.
341 3975 365 4021 ⁵.
411 3970 579 4023 Vocabontar
596 3977 685 4022 autem
702 3969 766 4022 satis
800 3905 1019 4022 idiotismum
1037 3969 1137 4022 Verum
1154 3968 1205 4020 ista
1219 3969 1325 4036 peretot
1343 3970 1402 4036 effi·

148 4045 312 4092 mutantes
329 4035 436 4116 librinct
452 4037 690 4159 recteoezequoninm
707 4055 768 4116 νοις
798 4039 867 4116 piem
885 4037 1047 4117 stneodicui'n
1064 4036 1206 4114 auctoritas
1229 4043 1259 4088 et
1275 4036 1402 4088 seimonis

147 4107 221 4160 buin
242 4105 299 4158 lere
328 4122 448 4175 proxima
471 4123 507 4158 an
583 4104 639 4158 enti
668 4123 767 4158 nomini
801 4105 941 4159 insolentia
957 4113 1045 4175 arguit
1062 4104 1180 4159 aCurtio
1197 4121 1250 4158 non
1268 4120 1323 4156 esse
1341 4121 1402 4174 pro·

148 4175 314 4245 nrhptatun
358 4177 501 4228 mechatur
533 4182 623 4228 nutem
649 4189 767 4227 meorum
801 4174 882 4226 secta:
899 4183 947 4228 aut
956 4173 1106 4244 simpliciter
1115 4173 1226 4225 delenda
1234 4189 1336 4236 censeo,
1353 4179 1403 4224 aut
1520 4221 1523 4228 ,

148 4245 237 4297 Beni
255 4241 281 4295 B
299 4241 371 4296 Flor.
390 4241 417 4296 G
435 4244 473 4296 Η.
801 4243 944 4296 midam
965 4241 1036 4295 Flor.
1053 4243 1076 4295 B
1103 4242 1267 4295 scribendum
1293 4257 1402 4322 qaorum

187 4316 216 4379 §-
236 4319 277 4366 16.
299 4329 411 4380 quom
428 4314 540 4364 altem
557 4312 637 4379 Nini,
656 4314 766 4364 alterum
800 4312 913 4364 altman
933 4313 1017 4378 Nini,
1043 4314 1153 4364 alterum
1171 4320 1227 4363 erat
1244 4309 1311 4363 Beli.
1349 4311 1403 4361 At-

149 4392 215 4437 ιναι
223 4383 298 4454 Beli]
314 4379 767 4450 Coddmasnonnulli'quonoiial·
801 4395 853 4450 que
869 4380 921 4434 lioc
937 4397 1007 4434 nunc
1024 4377 1143 4451 praetuli.
