3330 5050
601 326 648 376 on
674 325 800 380 cusiis
826 327 934 380 isox.
961 329 1037 398 viii,
1063 326 1105 375 ii.
1371 314 1444 385 421

211 534 294 582 nain
319 507 394 598 his,
421 509 482 606 qui
508 533 555 584 cx
582 511 657 585 acie
683 537 757 586 non
782 513 1013 604 rettulissent,
1039 523 1153 601 metu,
1179 539 1285 609 quein
1311 542 1358 590 ex
1384 517 1443 591 illo

210 620 313 691 hoste
340 618 522 716 quondam
549 635 795 721 conceperant,
823 624 928 694 etiam
956 624 990 694 iii
1019 625 1222 720 religionem
1248 629 1443 700 veneratio·

209 755 362 826 nemque
401 757 586 808 converso.
644 734 858 808 Macedonas
891 759 963 804 non
1002 735 1184 806 beluarum
1217 735 1339 825 mod0,
1380 737 1443 810 sed

157 859 189 906 is
209 843 316 912 etiam
342 842 452 938 ipsius
479 847 573 944 regis
595 856 761 942 aspectus
788 869 979 942 parumper
1004 845 1165 917 inhibuit
1218 844 1348 918 Beluae
1374 845 1443 918 dis-

209 952 346 1046 positae
374 954 466 1028 inter
485 968 643 1029 armatos
661 957 814 1052 speciem
842 957 992 1030 turrium
1011 957 1134 1054 procul
1160 957 1325 1028 l'ecernnt.
1361 956 1443 1055 lpse

207 1059 322 1136 Porus
355 1065 533 1140 humanae
565 1065 819 1164 magnitudinis
852 1066 1110 1164 propemodum
1142 1078 1344 1140 excesserat
1374 1069 1442 1141 sor·

207 1196 312 1246 mein.
364 1174 602 1273 Magnitudini
629 1176 713 1250 Pori
739 1175 890 1251 adiicere
916 1176 1106 1248 videbatur
1131 1176 1250 1267 belua,
1287 1203 1358 1274 qua
1383 1205 1442 1252 ve·

205 1282 376 1375 hebetur,
417 1296 562 1358 tentum
593 1287 686 1362 inter
722 1299 858 1362 ceteros
886 1287 1059 1376 eminens,
1093 1299 1226 1384 quanto
1259 1287 1334 1361 eliis
1366 1289 1442 1387 ipse

155 1410 188 1458 ¹⁴
206 1397 423 1493 praestabat
443 1482 462 1494 ,
476 1394 602 1496 Itaque
635 1399 860 1490 Alexander,
891 1399 1152 1496 contemplatus
1183 1409 1222 1475 et
1253 1423 1373 1497 regem
1404 1411 1442 1474 et

206 1531 335 1604 agmen
361 1506 550 1600 Indorum,
581 1510 750 1602 Totidcin,
775 1511 904 1607 inquit,
934 1536 1002 1608 pai·
1026 1509 1138 1582 uninio
1162 1533 1233 1584 meo
1252 1511 1442 1608 periciilimi
1488 1546 1491 1552 ¹

154 1634 187 1682 ¹⁵
205 1617 311 1692 video.
352 1616 441 1696 Cum
466 1619 576 1694 oneo
589 1620 693 1695 nmid
715 1635 745 1696 ct
759 1648 834 1696 eunt
848 1620 988 1720 cprcqiis
1004 1619 1087 1694 uiris
1111 1645 1166 1694 res
1182 1633 1236 1694 est.
1280 1619 1441 1694 Intuens-

204 1753 274 1823 que
292 1725 449 1822 Coenon,
465 1729 555 1808 Cum
570 1756 638 1832 eqo,
664 1733 786 1830 inquit,
812 1733 995 1808 wainaco
1012 1731 1234 1830 Perdiccaque
1247 1744 1278 1804 et
1288 1729 1441 1829 Hcplioe·

203 1841 306 1915 subin
324 1843 497 1918 umbone
517 1842 554 1916 in
572 1843 702 1919 bovum
721 1845 861 1919 ionium
880 1867 982 1918 cornu
1008 1842 1165 1941 impetum
1181 1841 1442 1944 secerqmdcn's·

204 1975 266 2050 que
277 1977 331 2026 ine
351 1953 389 2026 in
399 1953 510 2028 medio
527 1954 649 2030 ardore
666 1956 863 2048 certaminis,
888 1956 960 2052 ipsc
978 1953 1129 2028 dietim
1141 1979 1242 2046 move,
1258 1966 1290 2027 et
1306 1953 1442 2029 motatio

205 2063 305 2162 aiqna
322 2063 420 2166 inser.
465 2062 521 2139 Tu
532 2053 705 2164 Aritiycnc,
730 2079 760 2139 et
776 2079 812 2140 tn
826 2067 1003 2158 monac,
1028 2078 1058 2139 et
1073 2064 1220 2157 Toiiron,
1246 2063 1444 2150 inmlicmini

156 2191 189 2240 16
206 2172 244 2247 in
267 2175 415 2250 medium
440 2175 560 2268 ament,
591 2189 622 2251 et
645 2177 801 2276 urgebitis
821 2182 980 2280 sroritem.
1026 2175 1155 2278 Hastae
1184 2188 1314 2250 nomae
1339 2200 1441 2274 proc·

206 2283 322 2384 loripoc
347 2298 377 2359 et
400 2286 535 2362 validae
559 2313 627 2363 oon
651 2287 738 2364 olibe
762 2290 872 2389 inopis
898 2313 998 2388 quum
1020 2287 1181 2360 adeona
1206 2285 1318 2360 utin
1342 2299 1440 2362 recto-

204 2419 322 2495 resque
339 2421 457 2471 eorum
481 2399 563 2474 usui
584 2425 655 2475 esse
665 2413 836 2500 potorum:
862 2400 1026 2474 ἀιὶιιιόαὶι
1048 2423 1111 2491 cos,
1136 2397 1196 2497 qui
1219 2397 1387 2490 vitemur,
1412 2412 1443 2473 ct

205 2505 300 2605 ι’]ιιιαι
330 2510 501 2612 confodite.
559 2511 696 2612 Anceps
728 2537 835 2612 ponus
866 2511 988 2584 aradii
1010 2522 1072 2601 est,
1105 2521 1136 2580 ct
1160 2507 1196 2581 in
1220 2533 1297 2585 sitos
1328 2511 1441 2586 anius

156 2637 187 2684 1⁷
196 2619 298 2721 ῥιπ“ὶ.
344 2619 389 2694 In
412 2620 536 2695 Ιιοιιὶπιι
561 2623 649 2696 enim
674 2623 828 2722 irnperio,
860 2622 898 2696 in
921 2647 999 2696 sitos
1017 2644 1146 2720 pavore
1172 2619 1290 2718 aqitun
1343 2619 1442 2696 Haec

205 2729 367 2804 elocutus
389 2733 546 2806 concitet
564 2757 696 2830 equum
709 2733 859 2831 primus3
887 2734 1036 2830 iamque,
1062 2740 1104 2803 ut
1117 2728 1333 2806 destinatum
1351 2744 1437 2824 erat,

204 2841 389 2917 invaserat
409 2841 552 2916 ordines
570 2843 737 2934 hostium,
764 2869 845 2917 cum
864 2842 1004 2917 Coenus
1020 2841 1155 2940 ingenti
1174 2842 1209 2913 vi
1236 2843 1271 2915 in
1298 2843 1439 2918 laevum

238 3061 263 3127 §-
293 3065 334 3115 18.
376 3061 555 3182 mujnitudini
570 3061 646 3120 ‚Pori
678 3061 805 3133 adiicere]
841 3060 920 3114 inerit
936 3061 1087 3114 invehimini
1102 3068 1126 3112 ei
1142 3067 1237 3130 usqae.
1263 3059 1373 3116 correxi
1389 3061 1439 3133 igi.

203 3125 306 3198 Suppla
322 3129 406 3198 aliqui
430 3167 439 3194 ,
465 3137 497 3183 ut
513 3127 608 3184 omisso
633 3145 667 3183 co
693 3131 808 3183 adiicere
841 3137 886 3183 tur
903 3129 1065 3192 tundimini,
1092 3136 1121 3181 et
1142 3126 1228 3207 inveni
1253 3126 1324 3184 idem
1349 3130 1440 3184 indiae

203 3196 362 3252 eumdativo
375 3195 507 3266 significet
515 3197 655 3268 augeresli
675 3215 806 3252 usmiem.
841 3197 967 3252 Medium.
1002 3197 1092 3250 Verbo
1113 3195 1199 3249 indico
1222 3196 1250 3249 iu
1265 3198 1440 3253 deterioribus

656 3215 676 3279 q

201 3263 261 3319 Hoc
278 3265 447 3336 perturbasse
464 3266 569 3320 videtui
585 3263 707 3320 libi-aiios
731 3267 806 3320 codd.
841 3265 944 3337 aliquot
960 3265 1036 3320 codd.
1053 3263 1123 3319 Flos.
1135 3261 1197 3318 FGI
1214 3263 1296 3319 Pell
1315 3283 1371 3320 esse
1388 3286 1440 3322 non

203 3333 275 3387 Flor.
288 3333 329 3387 DI
348 3333 394 3405 qui
411 3337 618 3404 magnitudinis
639 3334 689 3389 scri
737 3343 806 3388 runt
842 3335 991 3388 invehimini
1009 3336 1036 3386 in
1053 3335 1164 3386 medium
1182 3336 1278 3412 aciem,
1300 3337 1348 3388 scd
1363 3355 1396 3388 ur
1414 3353 1439 3389 ι-

202 3400 272 3455 Item
289 3419 338 3472 pso
356 3419 390 3457 eo
408 3403 479 3474 quod
496 3411 537 3457 est
554 3413 650 3473 quanto
668 3351 736 3455 epse
745 3403 807 3456 ard.
841 3405 902 3456 bitis
918 3403 1043 3472 frontem.
1078 3401 1160 3454 Vides
1185 3403 1327 3455 scribarum
1350 3421 1379 3456 so
1398 3420 1440 3457 er-

202 3468 262 3524 qu.
278 3470 354 3524 riou
371 3481 498 3550 quantist
515 3469 712 3542 praetulerunt,
735 3471 808 3541 quod
842 3471 919 3524 tiam:
946 3469 1067 3524 nimirum
1090 3468 1160 3548 Flos.
1182 3469 1207 3522 D
1233 3473 1281 3523 sed
1306 3473 1440 3540 urgebitis,

201 3545 230 3591 et
252 3538 278 3592 le
299 3539 352 3592 'tur
374 3558 401 3593 ιιι
421 3539 541 3594 codicum
563 3538 644 3592 classe
667 3538 807 3592 deterrime
842 3539 927 3609 (quod
936 3546 965 3591 et
979 3537 1084 3592 inMod.
1093 3539 1157 3592 edit.
1166 3541 1219 3604 cst)
1229 3539 1362 3608 quodcum
1376 3539 1440 3593 scri·

201 3605 234 3660 Fl
363 3607 385 3660 Β
463 3606 804 3662 BNihll'teretbsed
859 3621 871 3661 t
932 3607 938 3619 ’
1011 3615 1023 3660 t
1140 3615 1152 3660 b
1275 3605 1421 3660 ‘tt'

235 3625 275 3661 or.
346 3623 495 3688 'qi-ii..
621 3625 649 3661 ιιι
733 3648 742 3675 ,
840 3622 1165 3687 pumqunumessq,
1189 3622 1282 3686 accessi
1312 3624 1441 3662 eiamin

160 3763 164 3770 ·
200 3684 548 3826 quppipbpiqquqifflqm]
583 3743 673 3825 Vulgo
696 3745 804 3815 Antipe-
848 3675 1333 3863 prsieqqesieipippgpnpqnffiecpleffic
1350 3761 1440 3824 omnes

200 3813 806 3962 commertiorum
840 3811 1439 3960 utimum,,restitus

199 3950 298 4018 lipom
315 3950 473 4028 pbbrnsno
491 3967 518 4002 iu
532 3950 608 4004 limus
625 3949 806 4021 ipsiusproehi
841 3966 892 4020 que
909 3950 1043 4015 mendose,
1067 3948 1161 4028 iehqui
1182 3947 1341 4026 confundite.
1376 3947 1439 4002 Non

200 4016 377 4088 descriptione
402 4035 462 4073 cum
489 4017 601 4072 Seleuco
627 4027 656 4072 et
682 4018 806 4072 Taurone
841 4026 928 4098 pqtest
945 4033 1001 4070 csse
1018 4017 1125 4070 dubium
1143 4015 1206 4094 quid
1224 4017 1373 4096 probemus,
1391 4018 1439 4070 sed

253 4085 322 4165 'tum'
349 4086 405 4140 dux
434 4082 597 4158 appellatis,
628 4086 672 4140 lib.
699 4087 804 4166 vum·
839 4105 920 4167 miror
936 4102 985 4140 nec
999 4084 1226 4165 Snabepburgium
1244 4100 1292 4138 nec
1309 4083 1388 4138 alium
1406 4086 1440 4138 de

215 4222 221 4235 .
251 4153 294 4208 ‘be
314 4154 398 4226 igitur
413 4158 559 4235 Antigene,
582 4155 674 4235 eadem
692 4155 805 4235 decline·
840 4157 970 4209 codicibus
988 4169 1143 4236 meunmssc.

200 4223 668 4414 {gitqmnllliifssoeilil'il
684 4232 805 4373 ”mviii
838 4229 896 4346 inl·
922 4221 1438 4372 ti·i;tt5‘'¹llm⁶ttt¹ntlltss

255 4360 325 4413 neiib
344 4359 462 4416 Gramin.
480 4380 507 4433 p.
524 4369 566 4416 44.
601 4361 669 4416 Post
685 4378 738 4415 nou
755 4361 804 4414 tuh
838 4361 940 4414 laevum
957 4361 1071 4415 bostium
1088 4377 1170 4414 cornu
1187 4367 1391 4430 aggressusest,
1409 4366 1438 4410 et
1462 4402 1468 4413 .

201 4427 353 4482 inoeliitnini
368 4440 392 4484 ct
406 4431 541 4502 urpeiitie,
559 4448 619 4486 cum
636 4429 663 4485 in
681 4439 805 4502 promptu
838 4447 916 4502 supra
934 4428 1043 4484 iusserat
1061 4428 1170 4485 Coenon
1191 4427 1437 4482 dextrumhostium
