3336 5066
213 345 294 426 ,²182
688 359 729 434 ἀ.
764 309 888 424 onnru
921 369 1008 422 nnn

159 556 215 626 12·
311 549 486 626 Uxiorum
517 551 601 630 dein
632 567 775 656 gentem
807 557 996 631 subactam
1022 551 1258 632 Susianorum
1284 573 1504 660 astrapaea

208 663 416 738 contribuit:
443 665 635 765 divisisque
662 693 743 741 cum
767 667 1006 742 Parmenione
1031 666 1159 764 copiis,
1185 669 1285 742 illum
1312 697 1453 771 campe·

208 774 274 846 stri
300 774 424 852 itinere
450 777 644 877 procedere
670 779 783 870 iubet;
819 781 895 878 ipse
928 805 1009 852 cum
1036 777 1207 876 expedito
1234 782 1375 880 agmine
1400 783 1453 855 iu·

207 911 293 988 gum
319 890 493 963 montium
528 889 639 985 cepit,
674 913 825 985 quorum
857 901 1069 988 perpetuum
1098 889 1247 964 dorsum
1273 891 1309 962 in
1335 890 1453 964 Persi·

209 998 291 1072 dem
318 1001 484 1100 excurrit.
538 994 645 1069 Omni
672 999 739 1070 hac
764 999 909 1096 regione
935 1010 1090 1090 vastata,
1118 1004 1225 1076 tertio
1253 1001 1310 1076 die
1336 999 1452 1074 Persi·
1472 1022 1503 1069 ιι

207 1108 306 1201 dem,
347 1109 471 1205 quinto
509 1107 709 1204 angustias,
753 1131 842 1204 quas
882 1107 932 1178 illi
974 1105 1123 1183 Susidas
1161 1113 1265 1210 pylas
1306 1124 1451 1205 vocant,

207 1220 327 1292 intrat
379 1217 641 1292 Ariobarzanes
676 1218 740 1291 has
775 1243 856 1290 cum
882 1239 963 1290 xxv
990 1219 1133 1292 milibus
1159 1221 1322 1318 peditum
1348 1249 1453 1298 occu·

206 1339 359 1429 paverat
383 1354 489 1426 rupes
496 1384 505 1421 ‚
540 1329 697 1403 abscisas
732 1339 769 1402 et
793 1329 951 1427 undique
978 1339 1210 1430 praeruptas,
1237 1333 1274 1404 in
1300 1357 1454 1428 quarum

207 1443 448 1516 cacuminibus
474 1451 580 1516 extra
604 1441 666 1514 teli
691 1443 823 1514 iactum
849 1441 994 1515 barbari
1020 1440 1177 1532 stabant,
1204 1439 1250 1514 de
1275 1440 1455 1517 industria

207 1554 316 1652 quieti
343 1565 381 1628 et
404 1553 620 1658 paventibus
646 1553 787 1642 similes,
813 1549 929 1624 donec
954 1551 992 1624 in
1019 1551 1216 1626 artissimas
1243 1555 1365 1628 fauces
1392 1579 1453 1652 pe·

206 1675 367 1739 netraret
398 1688 544 1762 agmen:
589 1659 696 1751 Quod
727 1663 787 1735 ubi
814 1671 1024 1758 contemptu
1056 1663 1112 1735 sui
1136 1687 1289 1762 pergere
1314 1663 1451 1756 vident
1471 1684 1505 1734 rs

207 1785 285 1848 tum
317 1799 404 1848 vero
438 1774 592 1872 ingentis
624 1770 878 1870 magnitudinis
913 1797 1004 1844 saxa
1038 1796 1103 1869 per
1134 1775 1311 1847 montium
1336 1783 1454 1873 prona

208 1883 415 1982 devolvrmt,
429 1909 521 1982 quae
545 1885 690 1958 incussa
715 1883 855 1980 saepius
883 1882 1151 1956 subiacentibus
1178 1886 1290 1982 petn's
1317 1886 1453 1960 maiore

208 1997 246 2069 vi
272 1995 485 2088 incidebant,
511 2021 578 2070 nec
604 1995 761 2093 singulos
788 1993 917 2085 modo,
944 1993 1009 2067 sed
1036 1994 1181 2094 agmina
1205 1996 1451 2092 proterebant

206 2107 341 2181 Fundis
374 2132 515 2206 quoque
547 2107 688 2180 excussi
719 2105 855 2204 lapides
882 2115 921 2180 et
946 2105 1100 2204 sagittae
1125 2104 1290 2202 ‘undique
1316 2105 1453 2207 ingere·
1471 2129 1504 2178 ιι

161 2251 163 2256 ·
206 2217 349 2292 bantur.
400 2216 474 2292 Nec
507 2218 546 2290 id
570 2217 805 2291 miserrimum
840 2217 993 2290 fort-ibus
1019 2216 1106 2290 viris
1132 2225 1227 2307 erat,
1263 2217 1328 2291 sed
1355 2217 1454 2317 quod

149 2419 151 2424 Ι
209 2329 312 2402 inulti
348 2327 491 2428 quidem
521 2329 678 2402 ferarum
707 2328 779 2402 ritu
797 2329 912 2402 ‘velut
938 2329 974 2400 in
1000 2328 1108 2401 fovea
1133 2327 1348 2426 deprehensi
1376 2355 1453 2403 cae·

208 2440 386 2516 derantur.
439 2441 497 2514 Ira
522 2441 630 2540 igitur
656 2440 692 2512 in
718 2439 853 2512 rabiem
879 2463 995 2528 versa,
1024 2439 1216 2512 eminentia
1242 2465 1332 2512 saxa
1358 2467 1453 2515 com·
1469 2459 1505 2509 ao

244 2691 483 2764 Osp.1a,§.1o.
523 2693 651 2746 Uriorsan
669 2693 728 2745 dein
741 2709 808 2771 pen·
843 2699 871 2744 et
888 2693 965 2744 Voss.
986 2697 1008 2744 l.
1045 2689 1088 2744 cf.
1106 2707 1187 2760 supra
1204 2690 1239 2742 ed
1257 2705 1302 2756 ιιι,
1321 2697 1364 2745 20.
1401 2691 1452 2746 Co-

208 2763 269 2831 tem]
304 2763 375 2814 Dein
399 2779 446 2833 pro
471 2779 507 2814 vu
536 2800 543 2813 .
570 2761 663 2814 deinde
688 2761 747 2812 dedi
774 2777 809 2812 ex
843 2768 932 2812 terum
952 2769 977 2812 et
1003 2759 1080 2812 deest
1105 2757 1133 2810 in
1158 2757 1239 2812 Bern.
1263 2761 1288 2812 A
1312 2759 1384 2812 Flor.
1402 2759 1452 2814 Bc

207 2829 290 2882 Bere.
308 2835 332 2881 A
350 2829 421 2884 Flor.
438 2829 491 2884 AG
548 2827 582 2880 ‘d
602 2833 676 2881 Voss.
696 2836 726 2892 1,
751 2836 809 2880 tum
843 2827 935 2892 Leid.;
954 2827 981 2880 in
999 2827 1070 2880 Flor.
1085 2827 1110 2878 A
1128 2826 1209 2878 etiam
1227 2827 1293 2880 ordo
1312 2827 1453 2882 verborum

210 2898 383 2950 Susianorum
401 2909 534 2967 satrapae,
552 2896 623 2967 quod
637 2894 699 2949 olirn
714 2895 809 2948 edeba-
843 2903 963 2948 mutatur
980 2895 1035 2948 sie:
1057 2896 1178 2948 abscisas
1196 2913 1275 2975 nepes
1293 2897 1417 2964 undique.

208 2974 254 3019 tur
279 2965 390 3032 rectius,
414 2965 435 3019 si
462 2966 566 3018 codices
592 2965 736 3037 sequendos
760 2962 809 3018 tibi
879 2967 903 3030 s.
923 2970 964 3017 18.
1000 2965 1108 3017 incussa
1126 2995 1160 3004 -
1179 2965 1338 3032 incedebant]
1374 2963 1454 3018 Men·

207 3041 299 3104 putes,
327 3051 406 3104 quam
429 3035 499 3104 quod
523 3031 614 3086 Iunius
632 3031 730 3103 primus
747 3031 809 3085 scri-
844 3033 907 3085 dosa
930 3031 1012 3085 Bern.
1039 3033 1064 3084 A
1090 3029 1166 3084 Leid.
1184 3030 1260 3085 Voss.
1281 3041 1292 3085 l
1320 3033 1452 3100 incussae,

208 3101 263 3172 psit
272 3111 300 3155 et
315 3102 472 3156 recentiores
486 3101 653 3154 retinuerunt
666 3103 808 3170 satrapiae.
844 3100 908 3153 item
932 3101 1056 3153 mendose
1080 3117 1169 3153 onmes
1196 3099 1279 3152 nostri
1299 3117 1358 3153 cum
1376 3099 1452 3155 Laid.

243 3173 266 3238 ξ.
287 3177 326 3223 lt.
363 3171 476 3223 Susidas
489 3170 581 3240 pylas]
610 3169 809 3235 Diodor.xv11‚
845 3169 920 3222 Voss.
942 3175 952 3220 l
983 3169 1152 3234 incedebant,
1177 3167 1241 3221 Flor
1258 3167 1306 3220 EF
1324 3169 1391 3221 sdeo
1409 3171 1453 3222 iu-

209 3244 242 3292 68
261 3235 422 3293 Σουσιᾰδαι
440 3243 555 3308 πέτραι,
586 3237 689 3290 Ars-ian.
707 3251 757 3300 111,
779 3243 809 3289 18
845 3237 1131 3307 sardanapalius]
1150 3254 1232 3288 unum
1251 3237 1353 3290 Vosst
1373 3253 1453 3308 quem

209 3303 298 3360 ardiae
316 3303 455 3378 Περσίδας
471 3315 557 3359 vocat.
576 3305 692 3359 Possunt
709 3304 810 3359 Graece
843 3305 905 3358 silet
923 3305 1005 3358 Snak.
1023 3321 1128 3358 servm
1152 3305 1223 3374 quod
1242 3321 1333 3358 verum
1350 3315 1393 3360 est
1410 3308 1453 3358 ia-

208 3372 288 3426 etiarn
322 3371 456 3429 Σουσίδει
488 3391 552 3427 esse.
595 3375 711 3440 Earum,
743 3391 810 3445 quac
845 3375 972 3426 ridebant.
1018 3373 1093 3426 Haec
1115 3381 1157 3426 est
1182 3372 1252 3426 anim
1277 3373 1360 3427 Hadr.
1383 3373 1452 3428 Iunii

208 3441 286 3494 hodie
304 3441 398 3495 Kotuli
416 3441 507 3495 Socn'b
525 3451 665 3509 vorantur,
683 3443 762 3496 situm
780 3460 810 3495 ac
844 3441 1003 3496 emendatio.

208 3517 331 3563 naturam
349 3508 452 3578 Anglus
475 3529 527 3564 non
554 3511 674 3564 indoctus
698 3509 810 3564 Kinneir
879 3511 905 3577 §.⁴
929 3516 969 3562 ta.
1013 3511 1129 3579 undique
1164 3511 1362 3581 ingerebantur]
1407 3509 1453 3566 Sis

207 3577 236 3630 in
254 3577 427 3648 explicatione
446 3579 554 3632 chartae
576 3595 626 3648 geo
660 3579 766 3652 aphioae
784 3596 808 3631 s.
844 3577 928 3631 nostri
955 3578 1032 3632 codd.
1055 3595 1146 3632 omnes
1170 3589 1198 3630 et
1225 3577 1298 3632 Laid.
1323 3580 1399 3632 Voss.
1429 3587 1452 3633 1.

211 3651 275 3724 18l8
295 3647 383 3699 editae
400 3665 425 3716 p.
445 3654 475 3702 73
495 3647 533 3700 ita
550 3595 687 3714 descnffiit,
713 3659 743 3700 ut
760 3647 807 3700 ali·
843 3645 932 3715 Vulgo
950 3647 1033 3726 s‘nper.
1050 3649 1172 3716 undique.
1202 3645 1287 3699 Paulo
1304 3657 1367 3718 post
1383 3650 1455 3716 qaod

210 3714 274 3783 quid
296 3715 331 3767 ad
354 3714 556 3784 explicationem
573 3716 656 3769 nostri
674 3716 807 3786 scriptoris
841 3715 956 3768 iteratur
973 3733 1001 3767 m
1019 3713 1154 3768 codicibus
1172 3723 1201 3768 et
1218 3715 1315 3768 uostris
1329 3725 1357 3768 et
1367 3715 1452 3770 Suek.

209 3782 342 3849 conferat,
368 3792 531 3854 quapropter
556 3783 616 3836 ride
633 3801 700 3856 quac
717 3801 807 3838 excer-
843 3782 964 3862 optimis:
983 3786 1031 3836 sed
1047 3785 1118 3852 quad
1135 3785 1214 3836 inulti
1231 3787 1309 3851 qaod,
1328 3785 1453 3838 mendose

209 3850 308 3920 psimus
326 3869 372 3904 nos
390 3852 416 3905 in
431 3852 651 3906 commentatione
661 3853 694 3904 nd
703 3869 808 3922 compa·
842 3868 899 3904 stae
917 3849 1008 3917 dubio,
1026 3851 1073 3904 sod
1090 3851 1159 3904 viam
1178 3861 1310 3906 monstrat
1327 3853 1452 3906 emenda-

209 3918 338 3971 rstiouem
356 3921 480 3990 antiquae
498 3929 526 3974 et
543 3920 684 3974 hodiernae
698 3937 807 3991 geogrn·
843 3929 887 3972 tae
905 3917 1034 3985 lectionis,
1052 3936 1121 3990 quae
1139 3930 1181 3973 est
1198 3919 1226 3972 ia
1244 3919 1316 3974 Flor.
1336 3919 1452 3974 DEFGI

207 3986 288 4106 iiim
311 3988 474 4056 pertinente,
519 4006 568 4042 uno
593 3988 692 4044 inserta
717 3999 757 4042 est
781 3989 808 4041 in
843 3989 921 4040 inulti
947 3989 1059 4056 quidem.
1099 3988 1200 4041 Eadem
1236 3987 1263 4040 in
1292 3988 1451 4042 editionibus

248 4053 362 4107 itschrill
380 4056 422 4110 l'ur
439 4057 480 4109 die
526 4065 602 4123 unst,
621 4057 808 4111 Wissensehalt
843 4055 960 4128 antiquis
987 4063 1029 4108 est
1046 4055 1166 4108 Merulae
1188 4065 1217 4109 et
1240 4057 1303 4110 atui
1326 4064 1355 4109 ct
1371 4057 1450 4125 Iunii,

208 4123 264 4175 und
286 4122 443 4178 Gcschichto
469 4125 515 4178 des
545 4125 656 4196 Kriegs‚
684 4126 743 4180 Vol.
768 4141 807 4192 w,
843 4126 927 4178 donec
937 4123 1043 4178 Modius
1053 4124 1294 4194 imperitaverbum
1312 4125 1451 4196 expunxit.

210 4191 272 4244 taso
291 4199 307 4244 4
326 4192 414 4245 Berol.
435 4199 508 4247 1825.
842 4193 913 4247 Nam
931 4211 963 4246 eo
980 4191 1054 4263 qussi
1073 4201 1198 4245 accentus
1217 4193 1330 4264 quium
1343 4193 1452 4248 additur

244 4260 363 4312 abscisas
380 4271 403 4312 et
422 4265 535 4342 undique
548 4265 719 4334 praeripitur]
752 4263 808 4316 No·
843 4263 979 4332 mentique
997 4277 1029 4314 ea
1046 4277 1088 4314 rm
1106 4261 1231 4331 alligitur.
1268 4262 1450 4330 Siot'111,2t

210 4325 259 4379 stri
277 4329 354 4380 codd.
372 4345 461 4382 omnes
479 4338 547 4383 sicut
572 4332 699 4385 edidimus
723 4335 808 4384 absci-
843 4341 919 4400 pacta
942 4347 1011 4400 pars
1034 4331 1210 4382 diacedonam
1238 4333 1363 4383 saeuitiae
1389 4341 1451 4384 tace

209 4412 265 4460 sas,
284 4405 391 4464 praeter
402 4396 455 4450 GH
474 4398 595 4466 Beru.B‚
614 4418 723 4470 quorum
741 4419 808 4452 vana
842 4401 979 4469 superest?
997 4409 1088 4468 quotus
1106 4400 1208 4468 quidem
1227 4415 1278 4451 nan
1295 4401 1449 4454 erilissimo

210 4464 352 4517 auctoritas
369 4465 473 4519 abunde
490 4475 674 4536 compensatur
687 4467 808 4521 Leidensi
843 4469 996 4538 sanquine?
