3300 5044
227 279 303 350 504
693 285 727 350 o.
754 285 876 338 cnara
900 285 985 336 nusi

224 475 338 528 abducto
355 468 474 523 uestitu
493 467 550 520 fera
566 481 630 536 gens
646 465 823 520 obedientiam
840 471 957 516 exueret.
993 463 1076 516 Motis
1094 464 1156 518 inde
1173 466 1282 532 castru,
1306 474 1338 520 ut
1354 464 1473 520 militem

225 545 394 618 expeditione
411 543 511 596 recenti
528 543 624 596 sessum
642 543 774 606 reliceret,
792 540 864 594 leuto
881 540 985 610 agurine
1004 539 1168 609 Babylonem
1185 545 1359 614 procedebat
1396 541 1475 596 Inm-

225 639 277 693 que
293 621 338 674 rix
356 619 468 690 triginta
484 620 518 673 ab
536 622 602 674 urbe
619 619 708 674 stadiis
725 619 826 684 aberat,
844 635 903 671 uam
916 617 1054 670 Nearchus
1072 619 1198 686 occurrit,
1216 637 1295 690 quern
1312 637 1362 690 per
1380 619 1475 674 Oeen-

227 717 289 752 num
306 706 335 750 et
352 697 497 766 Euphratis
514 697 583 750 ostia
600 697 763 768 Babylonem
780 695 960 766 praemiserat:
984 695 1145 763 orabatque,
1172 713 1206 748 ne
1225 695 1332 750 auten
1354 697 1402 751 sibi
1423 715 1475 750 ur·

226 773 378 828 bemvellet
387 773 497 844 ingredi.
527 774 696 845 Conpertum
714 775 740 828 id
757 773 806 827 sibi
820 789 854 826 ex
864 770 1010 836 Chaldaeis,
1029 771 1074 840 qui
1086 772 1176 824 inultis
1190 771 1242 826 ian
1255 773 1475 844 praedictionum

225 851 363 905 eventibus
381 852 445 905 artis
462 868 524 904 ause
542 851 725 905 certitudinem
742 851 846 904 abunde
864 847 1053 918 probavissent.
1090 847 1163 913 Rex,
1183 849 1254 902 saura
1270 867 1364 904 eonius
1382 850 1474 904 homi-

227 948 289 984 num
306 929 491 998 constantique
509 927 703 980 asseveratione
725 935 824 990 motus,
851 925 961 978 dimissis
988 925 1014 978 in
1032 925 1122 977 urbem
1151 925 1296 980 amicorum
1321 927 1472 997 plerisque,

227 1005 279 1059 elia
296 1006 339 1058 via
355 1014 463 1076 praeter
480 1003 642 1072 babylonem
660 1004 749 1068 ducit,
777 1002 943 1056 seducentis
961 1001 1023 1054 inde
1049 999 1140 1054 stadiis
1166 1002 1264 1055 stativa
1290 1002 1369 1056 locat
1409 1003 1472 1056 Sed

226 1083 260 1136 ah
288 1082 446 1136 Anaxarcho
471 1079 626 1149 philosopho
651 1081 773 1143 edoctam,
799 1078 954 1148 contemptis
982 1077 1174 1132 Chaldaeorum
1203 1079 1324 1144 memus,
1352 1097 1473 1148 quorum

226 1157 393 1227 disciplinam
411 1156 515 1208 inanem
532 1161 579 1208 aut
599 1171 783 1224 supervacuam
801 1153 993 1226 arbitrabatur,
1016 1155 1107 1208 urbem
1130 1153 1221 1208 intrat
1256 1153 1418 1224 legatione
1436 1171 1474 1208 eo

226 1251 261 1288 ex
278 1232 400 1284 universo
418 1231 499 1284 ferme
515 1231 579 1284 orbe
596 1231 785 1284 confluxerant.
820 1228 923 1294 Quibus
947 1246 995 1300 per
1011 1229 1161 1302 eomplures
1183 1228 1239 1284 dies
1256 1229 1373 1284 studiose
1390 1231 1475 1283 audi-

226 1310 275 1374 tis,
297 1307 420 1376 deinceps
439 1307 474 1360 nd
492 1306 692 1378 Hephaestionis
708 1305 833 1375 exequias
854 1304 950 1359 adiecit
966 1305 1089 1360 animum.
1124 1305 1202 1370 Quae
1228 1324 1330 1362 summo
1347 1307 1475 1360 omnium

227 1384 372 1440 sardio-its
392 1383 540 1438 celebratae
565 1393 638 1451 sunt,
665 1392 696 1438 ut
720 1381 815 1436 nullius
833 1383 867 1435 sd
894 1382 920 1434 id
938 1391 1040 1453 tempus
1067 1388 1136 1453 regis
1162 1383 1255 1438 feralis
1281 1381 1475 1452 magnitudine

228 1468 381 1530 sumptuum
398 1468 596 1532 apparatusque
616 1461 768 1515 celebritate
785 1476 838 1513 uon
854 1458 971 1512 vicerim
1007 1459 1073 1512 Post
1088 1460 1154 1513 haec
1170 1459 1268 1530 cupido
1285 1457 1392 1514 inmania
1408 1460 1474 1530 regi

227 1555 277 1610 per
292 1537 461 1608 Pallacopam
478 1553 582 1590 amnem
598 1538 632 1590 sd
657 1537 774 1592 Arabum
790 1535 903 1591 confluis
926 1534 1080 1605 navigandi3
1107 1552 1160 1606 quo
1178 1536 1295 1604 daban,
1323 1535 1382 1590 urbi
1400 1551 1475 1590 eon-

228 1615 333 1670 deudse
348 1615 486 1668 commoda
502 1615 565 1666 sede
581 1623 699 1684 reperta,
717 1612 879 1668 Graecorum
895 1619 981 1674 aetate
998 1621 1045 1665 aut
1061 1611 1215 1665 vulnonbus
1232 1611 1378 1680 invalidus,
1395 1621 1430 1666 et
1446 1613 1474 1666 si

228 1691 274 1764 qui
291 1697 387 1763 sponte
404 1697 602 1754 manserant,
619 1691 656 1744 ibi
673 1689 792 1744 collocat
828 1687 931 1753 Quibus
948 1704 983 1740 ex
1000 1688 1132 1743 mutantis
1148 1687 1287 1760 perfectis,
1314 1689 1367 1742 iam
1382 1690 1472 1744 iuuari

227 1785 335 1824 senum
353 1766 502 1832 Chaldaeos
518 1765 657 1832 irridebat,
682 1768 755 1837 quod
771 1765 932 1835 Babylonem
949 1781 1003 1818 non
1025 1765 1157 1836 ingressus
1175 1771 1281 1820 tantum
1306 1773 1376 1820 esset
1391 1765 1474 1821 ineo-

228 1845 319 1912 lumis·,
336 1859 427 1896 veriam
445 1842 525 1896 etism
541 1841 701 1896 exoemisset
733 1841 875 1896 Enimvero
892 1841 1032 1895 revertenti
1049 1857 1097 1912 per
1112 1841 1240 1912 paludes,
1259 1859 1327 1913 quas
1342 1843 1474 1913 Euphra·
1581 1861 1585 1870 ¹

128 1949 133 1964 ·
227 1930 272 1976 tes
297 1921 325 1974 iu
342 1919 510 1989 Pallacopam
532 1919 628 1972 effusus
645 1918 738 1986 efficit,
763 1919 871 1973 foedum
887 1933 966 1972 omen
981 1917 1099 1972 oblatam
1123 1927 1172 1972 est
1212 1917 1320 1990 Quill)e
1335 1919 1403 1972 rann
1421 1921 1475 1974 de-

228 2014 309 2068 mper
324 1995 672 2066 impendentesdetraetum
689 1995 770 2066 capiti
787 1994 860 2065 regio
883 1993 1003 2047 diadema
1020 1993 1189 2066 proiecerunt
1209 1993 1238 2048 in
1255 1995 1361 2050 fluctus.
1397 1995 1474 2051 Cum

142 2119 147 2126 .
229 2073 325 2128 deindo
342 2071 394 2126 alia
409 2088 490 2143 super
506 2069 559 2123 alia
574 2072 723 2144 prodigiosa
739 2078 768 2124 et
784 2069 896 2124 minans
912 2069 1106 2139 nundmentur,
1123 2070 1297 2142 proeiuandis
1313 2071 1345 2125 iis
1363 2069 1474 2128 Graeco

228 2150 305 2205 umal
321 2149 491 2218 barbaroque
507 2145 560 2199 ritu
577 2148 701 2202 continua
716 2165 791 2202 sacra
807 2147 879 2201 saeta
894 2155 964 2200 suut.
999 2147 1097 2219 Neque
1119 2157 1211 2202 tamen
1227 2147 1330 2220 explan
1346 2157 1475 2220 praeter-

229 2245 309 2300 quam
330 2234 417 2280 morte
443 2222 513 2294 regis
538 2231 660 2293 potuere.
697 2223 751 2288 Qui
775 2241 834 2278 cum
850 2223 1002 2278 Neamhum
1024 2224 1171 2295 sxoeptnet
1197 2223 1334 2292 convivio,
1360 2225 1475 2298 iamque

227 2303 345 2358 sanium
362 2301 446 2356 ibimus
463 2307 546 2365 esset,
573 2299 653 2354 bladii
672 2298 799 2354 Larisssei
815 2300 919 2354 obnixis
937 2301 1059 2370 precibus
1075 2301 1164 2366 dedit,
1191 2310 1222 2355 ut
1238 2302 1272 2356 sd
1294 2319 1356 2356 eum
1372 2303 1475 2358 connis-

229 2387 316 2434 satuus
332 2378 444 2432 veniret.
479 2375 532 2432 Ubi
549 2385 689 2447 postquam
706 2383 766 2430 tota
782 2385 858 2430 none
875 2385 1057 2448 pei-potasset,
1084 2377 1154 2431 male
1172 2379 1271 2432 habere
1289 2379 1387 2450 coepit.
1422 2385 1475 2434 In.

229 2471 386 2527 gravescens
404 2454 499 2508 deiude
515 2455 623 2507 ruorbus
640 2455 708 2508 adeo
724 2469 813 2507 omnes
835 2453 904 2508 vires
921 2453 991 2507 intra
1008 2463 1115 2508 sextum
1132 2453 1203 2508 diem
1220 2455 1357 2522 exhausit,
1384 2465 1416 2511 ut
1433 2476 1475 2512 uo

229 2532 303 2587 vocis
319 2532 426 2603 quidem
442 2537 560 2602 potestas
576 2539 654 2584 esset
680 2530 784 2584 Interes
799 2529 903 2596 milites,
920 2530 1098 2585 sollieitudine
1115 2530 1299 2602 desiderioque
1315 2531 1371 2584 eius
1383 2533 1473 2602 auxii,

230 2625 387 2680 quamquam
404 2606 597 2665 obtestantibiu
613 2606 737 2671 ducibus,
754 2623 788 2659 ue
805 2606 982 2662 valetudinem
999 2607 1069 2678 regis
1087 2617 1245 2676 onerarent,
1268 2619 1473 2678 expresserunt,

229 2694 262 2739 nt
278 2685 307 2740 iu
323 2695 495 2758 conspectum
513 2682 568 2738 eius
585 2683 805 2754 admitterem]

183 2829 230 2897 14
334 2825 558 2899 Intuentibus
590 2825 754 2898 lacrimae
792 2823 940 2896 obortae
975 2825 1172 2922 praebuere
1207 2827 1363 2924 speeiem
1394 2829 1473 2900 iam
1496 2847 1529 2896 v.

231 2963 305 3012 uon
339 2961 476 3036 regem,
520 2933 584 3008 sed
618 2938 722 3010 funus
764 2935 838 3008 eius
873 2934 1020 3008 visentis
1064 2935 1254 3009 exercitus.
1323 2935 1509 3012 Maerors

231 3056 353 3121 temen
387 3048 688 3121 circumstantium
721 3045 852 3118 lectum
893 3045 1087 3120 eminebat:
1134 3072 1224 3145 quos
1256 3059 1308 3129 ¹ut
1349 3071 1473 3146 respe-

232 3157 305 3248 xit,
340 3156 530 3248 Invenietis,
565 3157 692 3254 inquit,
736 3179 810 3228 cum
844 3179 1022 3248 excessero,
1056 3157 1196 3257 dspnum
1231 3159 1351 3233 tolt'bras
1382 3159 1474 3234 ιη’τιὶς
1536 3215 1542 3226 .

230 3267 363 3367 repens?
428 3265 636 3342 Incredibile
684 3266 781 3340 dictu
829 3266 1038 3365 audituque,
1086 3270 1122 3342 in
1166 3270 1294 3344 eodem
1342 3269 1509 3344 habitus

233 3380 408 3476 corporis,
443 3379 478 3450 in
514 3403 619 3474 quem
657 3403 696 3451 sc
722 3387 987 3476 composuerat,
1022 3403 1103 3452 cum
1129 3379 1353 3454 admissurus
1405 3384 1472 3454 mi-

231 3488 312 3561 lites
338 3499 444 3578 esset,
479 3485 645 3580 durasse,
679 3487 792 3561 donee
826 3516 848 3561 a
873 3499 950 3562 toto
986 3491 1145 3563 exercitu
1180 3489 1268 3564 illud
1303 3491 1473 3566 ultimum

233 3601 473 3696 persalutatus
520 3610 594 3672 est:
646 3597 858 3697 dimissoque
904 3601 1028 3697 vulgo,
1076 3600 1178 3689 velut
1222 3603 1319 3674 omni
1372 3603 1473 3676 vitae

181 3817 183 3824 Ι
268 3840 478 3912 Cap.14,§.t.
513 3859 578 3913 ptos
593 3851 621 3896 ut
637 3844 760 3912 respexit]
787 3841 831 3898 Sic
865 3841 936 3913 vulg.
962 3861 980 3895 u
1002 3853 1052 3896 toto
1078 3845 1192 3896 ancilis
1217 3845 1265 3898 illo
1291 3848 1330 3900 ud
1353 3849 1474 3902 ιιὶιίπιιέιιι

232 3909 307 3964 Iseid
325 3912 402 3964 Voss.
422 3919 433 3962 l
462 3911 541 3964 Beru.
559 3914 583 3965 Α
602 3911 670 3964 Flor.
687 3914 713 3966 A
738 3921 767 3964 et
787 3930 831 3963 ve-
883 3915 1040 3965 srsnlmua
1058 3923 1095 3966 est
1113 3911 1241 3966 exhibent
1258 3915 1327 3968 illud
1342 3917 1474 3970 ultimusn.

232 3997 290 4038 rum
312 3986 391 4048 puto,
424 3979 494 4048 quod
515 3979 676 4048 significatur
700 3979 831 4034 inclinatio
894 3997 935 4032 am
953 3982 998 4033 illo
1015 3981 1083 4034 male
1099 3982 1225 4046 abundat,
1243 3991 1285 4048 et,
1305 3983 1425 4053 quamvis
1443 3994 1474 4039 et

232 4046 326 4117 eapitis
351 4048 385 4101 ad
411 4063 466 4100 reni
492 4049 603 4102 maxime
628 4049 830 4115 accommodata,
864 4051 980 4104 ultimam
1006 4059 1034 4102 ct
1050 4053 1088 4104 nd
1112 4051 1230 4102 naiman
1255 4060 1330 4104 reete
1355 4051 1474 4120 dicatur,

234 4113 748 4256 tttttntitttttgttttttt
755 4134 831 4239 ttt·
865 4117 1181 4256 ttlttttttmtit'
1196 4119 1475 4243 initiali&

234 4270 297 4324 quos
315 4261 407 4332 utres
426 4255 534 4333 caperit.
864 4255 962 4308 Vertas
984 4254 1073 4308 Germ.
1100 4257 1194 4309 bnntalt
1220 4269 1273 4321 aaran
1300 4258 1377 4328 littra
1401 4259 1472 4320 urat,

270 4321 528 4388 §.rationalitatum
561 4320 830 4390 Iloevoropraeclare
865 4323 919 4376 sive
946 4335 975 4376 ut
999 4321 1082 4376 nostri
1108 4323 1163 4376 lere
1196 4323 1317 4377 dicerent
1344 4341 1394 4380 ιιιιιι
1417 4343 1475 4395 μιιιι

236 4388 314 4442 iidem
335 4386 374 4439 illi
397 4386 455 4439 libri
481 4397 509 4441 ct
527 4323 597 4442 lior.
615 4387 661 4441 BC
686 4390 759 4459 quod
783 4407 830 4458 pro
867 4391 1033 4462 lettinlllal,
1054 4392 1161 4462 dequo
1180 4409 1228 4445 usu
1245 4393 1408 4463 pronominis
1426 4397 1475 4450 ille
