3324 5054
548 305 598 354 ns
625 303 753 356 ossms
780 305 890 356 αισι.
917 304 967 372 rv,
994 301 1036 353 ιο.
1337 281 1408 352 133

114 509 150 557 az
169 485 308 560 Ultima
346 456 519 587 Meleagri
556 489 616 560 alu
654 486 792 559 stabat:
841 508 949 580 quam
995 485 1154 581 phalanx
1192 483 1418 582 sequebatur.

170 597 263 670 Post
297 595 514 696 phalangem
544 593 812 693 Argyraspides
846 603 964 666 erent:
998 594 1052 665 his
1080 591 1250 682 Nicanor,
1276 594 1419 668 Parme·

117 707 289 780 senionis
315 708 419 799 filius,
446 715 622 804 praeerat.
661 701 703 775 In
730 702 898 778 subsidiis
925 729 1007 777 cum
1032 729 1143 776 manu
1168 727 1234 776 sua
1258 701 1418 778 Coenos:

172 916 364 1039 winidi
383 912 781 1035 tffiffl‘ssltttttt
817 910 942 1033 ilidii·
978 909 1422 1034 „iilfflffnniilittiimlii

172 1049 355 1106 Parmenionis
378 1049 456 1104 lilius.
510 1053 661 1118 *halonpem
687 1020 783 1100 deindd
818 1047 917 1117 legioni
942 995 1164 1117 §symphffisoffl
1210 1055 1326 1113 rseerat,
1344 1019 1422 1118 ’quos

173 1117 291 1190 generati
308 1117 414 1171 nomine
434 1118 543 1173 Curtius
560 1117 692 1188 appellat,
711 1115 783 1185 quod
819 1115 927 1170 Curtius
949 1115 1054 1168 videtur
1079 1113 1164 1169 socios
1212 1116 1354 1169 aoedonm
1372 1133 1422 1186 pu·

172 1195 234 1240 erat
249 1187 343 1258 ἄγημα
363 1193 425 1240 τῶν
447 1191 554 1252 πεζῶν,
570 1197 601 1238 et
618 1187 659 1238 Ar
708 1185 783 1252 oapi·
818 1191 896 1237 tasse.
931 1183 1029 1263 Inepta
1057 1183 1138 1235 etiam
1167 1200 1235 1253 quae
1260 1193 1422 1254 sequuntur:

173 1257 239 1320 dos,
257 1255 379 1325 quitum
396 1256 513 1309 nondum
532 1259 622 1318 erant,
640 1269 668 1305 se
704 1269 782 1305 voco-
817 1254 896 1305 huius
919 1253 1035 1322 cyntania
1062 1253 1190 1372 Ἢσισο
1215 1253 1337 1320 princeps
1364 1261 1423 1305 erat

173 1324 275 1376 bantur
295 1320 485 1376 ὑπασπισταῖς
506 1322 537 1375 cf.
557 1321 634 1386 Curt
656 1333 721 1385 vsu,
742 1327 783 1371 lt.
818 1318 923 1390 (scripsi
947 1319 1088 1372 inversoo
1122 1318 1164 1371 'ne
1185 1319 1324 1372 verborum
1385 1322 1423 1373 ‘n-

174 1396 199 1444 A
220 1409 277 1445 esau
295 1391 324 1444 in
340 1391 415 1444 Leid.
433 1390 511 1443 Voss.
532 1397 542 1442 l
567 1389 649 1442 Bern.
667 1390 694 1441 A
710 1387 783 1441 Flor.
818 1407 832 1442 c
864 1390 1026 1456 sAmyatas
1044 1403 1078 1440 ex
1096 1385 1192 1440 uostris
1209 1388 1289 1440 Bern.
1307 1389 1333 1440 Α
1374 1387 1422 1441 lor.

234 1459 358 1514 scr-rhitur
370 1459 461 1528 opimo
474 1456 590 1511 itacismi
608 1473 695 1522 eausa,
713 1457 784 1508 uude
817 1406 905 1521 ACPG,
924 1456 1053 1526 Amyntas
1071 1457 1125 1507 duc
1142 1455 1311 1521 moroan:
1328 1456 1423 1509 Philu-

173 1544 250 1582 enor
265 1527 430 1596 reliquorum
454 1523 582 1579 librorum
603 1541 664 1578 mss.
682 1532 711 1577 et
728 1523 783 1594 pri·
816 1542 868 1595 pas
881 1525 1013 1577 Balacrus
1031 1525 1145 1592 repetet,
1164 1525 1192 1576 in
1209 1527 1356 1578 societatem
1373 1543 1422 1578 nu·

174 1613 248 1648 mum
275 1593 410 1648 editorum
437 1601 518 1647 natus
544 1601 587 1646 est
616 1601 648 1646 ut
675 1594 783 1662 opmina
812 1609 866 1664 per
883 1595 1008 1645 adscitos.
1026 1591 1123 1660 Neque
1140 1591 1209 1644 enim
1227 1591 1423 1662 intelligensque

175 1663 343 1716 scnheretur.
361 1660 467 1715 Primus
487 1661 562 1714 dedit
573 1660 666 1714 Iunius
683 1677 784 1730 agressa.
819 1677 964 1731 pronomen
973 1661 1050 1713 huius
1060 1659 1200 1730 pertineat,
1218 1677 1277 1712 cum
1292 1661 1423 1729 Amyntas

105 1726 112 1736 '
175 1730 232 1784 Sed
252 1738 282 1784 et
304 1728 350 1783 ille
373 1739 403 1784 et
422 1729 518 1801 reliqui
541 1737 647 1801 praeter
663 1728 785 1782 Medium
818 1728 863 1781 alii
878 1727 1047 1793 hauddubie,
1057 1727 1168 1781 uouPol
1220 1727 1316 1782 reontis
1325 1727 1424 1798 agmini

175 1797 345 1852 retinuerunt
375 1797 440 1850 edit
472 1796 599 1868 principis
628 1797 785 1866 scripturam
820 1795 984 1867 praefuerit,
1016 1811 1066 1848 nec
1094 1813 1221 1866 popuum
1251 1795 1423 1849 Balacrorum

174 1867 325 1936 oppetunt,
341 1883 391 1937 pro
411 1883 465 1936 quo
482 1865 509 1918 in
530 1882 592 1919 mss.
609 1871 651 1918 est
667 1866 786 1935 appello-
819 1863 1207 1986 quispusmnoverit.Ve1-um
1223 1863 1288 1918 haec
1303 1872 1425 1918 extrema

176 1936 249 2002 hant,
266 1935 339 2006 quod
355 1951 427 1988 nunc
443 1934 550 1986 demum
564 1949 673 1988 revoco:
693 1934 786 1987 cadem
821 1950 881 1986 meu
900 1951 946 1987 oss
972 1942 1048 1998 sunt,
1080 1950 1098 1984 n
1132 1950 1165 1985 ue
1195 1933 1273 1987 credo
1300 1931 1423 1986 Curtium

176 2019 220 2056 res
237 2009 312 2069 etv,
331 2007 378 2069 15,
396 2008 442 2056 21.
820 2009 925 2055 tuntum
943 2001 976 2054 ab
994 1997 1102 2054 auctore
1188 2001 1422 2066 cosherrasse,ut,

214 2073 237 2138 5.
259 2075 302 2124 28.
342 2072 371 2124 in
397 2071 526 2124 sebadiis
549 2087 606 2124 cren
632 2087 713 2124 manu
735 2087 785 2122 suo
820 2087 879 2123 cum
897 2069 1029 2123 Diodorus
1047 2069 1139 2121 eodem
1156 2069 1230 2122 sonte
1251 2085 1312 2122 usus
1329 2067 1425 2121 habeat

181 2137 292 2206 Coenos]
311 2137 459 2208 Hucusque
473 2137 582 2192 Curtius
595 2137 706 2190 eandem
725 2153 785 2188 cum
824 2135 966 2191 Φίλιππος
978 2133 993 2188 ὁ
1006 2133 1155 2209 Βαλάκρου
1175 2135 1228 2201 τὴν
1243 2142 1342 2202 συνεχῆ
1356 2136 1424 2188 ταύ-

177 2205 301 2260 Diodoro
327 2205 558 2277 reprehensionem
579 2205 711 2270 subierat,
739 2205 785 2257 sed
819 2225 869 2270 rm
898 2209 1068 2277 στρατηγίαν
1092 2203 1229 2278 ἐπλήρου,
1247 2203 1303 2276 ipse
1328 2221 1425 2258 novem

177 2273 231 2326 ium
248 2291 297 2326 suo
305 2273 395 2328 Marte
406 2290 496 2326 errare
509 2273 610 2344 incipit,
624 2275 687 2327 dum
702 2271 786 2326 Grae-
855 2280 929 2325 ntem
951 2287 985 2324 cx
1008 2280 1118 2352 paterno
1141 2272 1245 2325 nomine
1262 2272 1424 2342 procuderit.

70 2355 76 2362 ·
179 2359 240 2394 cum
257 2349 394 2395 auctorem
408 2341 696 2408 suum(Clitarchumo
715 2341 786 2408 inor)
821 2289 907 2395 lleodd.
925 2340 1019 2410 optimi
1037 2341 1130 2407 (Ber-n.
1149 2341 1175 2392 A
1192 2341 1262 2393 Flor.
1280 2340 1330 2392 AB
1348 2339 1424 2394 Leid.
1528 2367 1531 2374 ·

179 2409 249 2464 male
274 2409 420 2478 intellexit,
451 2427 468 2462 a
498 2425 551 2480 qua
581 2426 611 2463 re
636 2360 787 2462 Diodorum
821 2409 899 2463 Voss.
919 2413 945 2474 1)
963 2408 1042 2478 pias
1060 2426 1106 2460 rus
1125 2408 1306 2460 borocrieosr
1338 2409 1423 2474 ebant,

179 2476 298 2531 Graecae
315 2477 421 2548 linguae
435 2476 529 2530 melior
542 2477 786 2548 intelligentistue·
822 2477 867 2530 elii
886 2476 968 2544 (Flor.
988 2425 1089 2539 undu
1108 2477 1224 2529 toluci-is
1241 2493 1299 2543 eos,
1341 2474 1424 2530 lonc

111 2581 120 2595 .
178 2546 267 2599 batur.
311 2545 382 2598 Nam
413 2546 485 2625 quod
516 2545 585 2598 dixit
610 2545 638 2598 in
664 2544 787 2598 subsidiis
822 2547 976 2598 bolocreeoe
987 2544 1212 2614 Plor.Edenique
1223 2544 1426 2610 inlacrimant

178 2613 260 2668 luisse
270 2612 353 2668 Coeni
371 2623 457 2681 tumn,
475 2613 544 2666 male
561 2613 693 2734 expressit
703 2612 786 2666 Grae·
822 2613 874 2666 iarn
884 2621 1011 2683 appareat
1025 2611 1104 2665 fuisse
1116 2611 1198 2692 patris
1212 2610 1426 2692 nomeningeni·

178 2699 241 2736 essm
266 2683 337 2749 μετὰ
354 2683 474 2736 τούτους
487 2699 507 2734 s.
521 2681 589 2736 ὄπισ
614 2703 645 2734 εν
663 2681 786 2747 τούτων,
822 2679 1426 2750 tivo(usuhominisipssusnomimspposrtum.

178 2757 208 2803 et
225 2751 289 2803 dum
305 2750 408 2803 vadare
422 2750 513 2804 studet
524 2749 673 2803 orationem
685 2749 788 2801 fallitur
822 2749 877 2802 Sed
886 2767 944 2802 cum
956 2749 1041 2819 ipsum
1050 2749 1194 2818 Amyntam
1208 2765 1261 2800 non
1270 2746 1385 2800 adfuisse
1397 2747 1426 2800 in

178 2826 208 2870 et
225 2817 302 2871 fallit.
330 2817 518 2890 Sequebantur
532 2817 604 2888 *euim
622 2818 648 2870 iu
666 2826 786 2870 extremo
822 2817 931 2888 proelio,
949 2817 1070 2870 sedtum
1089 2815 1116 2868 in
1125 2815 1302 2869 Macedoniam
1320 2816 1425 2869 edcon·

178 2903 262 2940 cornu
278 2886 376 2939 dextro
394 2903 464 2956 quae
480 2886 644 2940 vocabantur
658 2889 787 2949 πεζετοῐ-
821 2885 962 2956 quirendos
989 2884 1085 2937 milites
1111 2883 1217 2936 missum
1241 2883 1297 2953 ipse
1315 2882 1425 2937 Curtius

177 2975 240 3025 ρων
257 2969 290 3006 ex
304 2953 480 3008 Macedoniae
491 2953 613 3056 §pentibus
622 2953 786 3022 conscripto-
820 2969 849 3020 ν,
869 2960 884 3006 t
903 2953 1044 3006 tradiderit
1069 2962 1098 3004 et
1120 2951 1176 3004 eius
1201 2952 1366 3022 praefectura
1383 2951 1424 3004 iu-

177 3039 238 3075 rum
254 3037 302 3076 sex
318 3020 437 3102 legione
447 3023 566 3090 (rmus)
581 3021 701 3101 singulae
714 3019 785 3074 mille
821 3019 899 3074 terim
917 3021 951 3074 ab
968 3019 1021 3073 alio
1038 3019 1220 3073 administrata
1236 3019 1272 3072 sit
1289 3019 1336 3088 (ab
1353 3019 1424 3073 Sim·

177 3090 263 3142 ferme
280 3089 424 3156 hommum,
443 3097 473 3142 et
487 3093 571 3159 prima
583 3090 689 3159 quidem
700 3087 785 3142 Coeni
820 3087 908 3142 missi
925 3087 1066 3142 Arrianum
1076 3103 1120 3154 111,
1132 3095 1199 3156 11‚e
1217 3103 1336 3158 sequare,
1345 3103 1425 3159 quem

177 3158 250 3210 taxis
271 3156 421 3226 Elymiotis.
465 3157 638 3226 Reliqusrum
667 3157 785 3227 quinque
821 3156 953 3211 Diodorus
975 3157 1081 3226 quidem
1103 3174 1156 3209 non
1181 3156 1269 3222 novit,
1299 3157 1345 3208 sed
1368 3155 1441 3210 eius·

177 3225 304 3296 praefecti
322 3235 399 3278 erant
416 3227 560 3279 secundum
569 3225 711 3278 Arrianum
720 3225 786 3278 Per·
820 3225 879 3280 loco
897 3224 925 3277 in
941 3225 997 3278 scie
1014 3224 1185 3278 describenda
1197 3223 1346 3296 Philippum
1362 3225 1424 3278 sub·

178 3293 266 3346 diceas
294 3292 414 3346 Orontea
436 3293 482 3360 fil,
501 3292 632 3362 Melagcr,
658 3291 786 3364 Polyper·
821 3293 891 3360 dit);
914 3293 1015 3364 poterit
1037 3291 1130 3362 aliquis
1160 3292 1284 3345 audacior
1309 3291 1346 3346 sic
1367 3293 1424 3346 sere

176 3379 238 3426 con,
256 3359 378 3414 Simmiae
396 3361 632 3431 (AmJutaelouo),
651 3361 787 3415 Craterus.
821 3361 900 3414 fuisse
918 3371 1024 3430 putare:
1047 3363 1140 3414 cuius
1163 3363 1276 3429 epentesis
1298 3363 1424 3430 princeps

178 3429 314 3482 Diodorus
340 3429 433 3482 eadem
464 3429 654 3500 praefectorem
680 3429 787 3482 nomine
823 3433 952 3498 Amyntas
967 3439 1032 3494 erut,
1047 3429 1263 3498 l'tihppus(sive
1289 3429 1425 3481 uodaliud
1526 3443 1528 3448 ·

178 3499 263 3550 habet
279 3505 386 3568 praeter
402 3497 554 3562 Sirmniam,
573 3497 615 3551 cui
633 3496 722 3568 Philip
742 3515 786 3549 um
821 3514 919 3552 nomen
928 3495 1023 3564 mavis)
1042 3497 1154 3549 Balacri
1168 3447 1425 3566 eorrepdlot,mper

177 3565 328 3632 substituit,
342 3563 472 3636 additque
480 3565 624 3618 Perdiccae
633 3565 708 3618 taxin
718 3515 786 3618 gre·
822 3568 851 3618 s'n
868 3567 1039 3632 societatemn(
1059 3565 1232 3631 mesecturae)
1249 3566 1356 3617 ascitus.
1373 3566 1425 3617 At-

177 3642 280 3686 starum
302 3633 561 3704 Lyncestes-umque,
584 3632 788 3703 Polypercontis
822 3650 873 3704 que
895 3649 949 3686 non
971 3583 1092 3713 equidem
1114 3633 1191 3685 video
1218 3633 1281 3702 quid
1299 3631 1426 3702 impediat

178 3701 403 3771 Stymphseorum
420 3701 509 3754 fuisse.
543 3705 639 3772 Itaque
651 3711 712 3770 poet
731 3719 788 3754 eum
822 3701 961 3774 quominus
978 3718 1014 3754 src
1031 3701 1140 3766 edetur,
1163 3709 1235 3754 certe
1253 3701 1299 3780 qui
1317 3701 1381 3754 haec
1398 3701 1426 3753 in

181 3771 293 3824 Οτοοισο
320 3770 466 3838 Lyncestae
501 3787 515 3822 e
541 3781 602 3823 auat
628 3769 786 3840 scripsimus,
823 3778 902 3822 textu
928 3769 1014 3840 leget,
1040 3769 1160 3840 proxime
1181 3770 1213 3820 ud
1231 3785 1268 3821 rer
1286 3769 1427 3822 veritatem

180 3838 306 3906 (Orestae
322 3837 413 3890 invitis
431 3853 464 3891 oo
485 3837 788 3907 'cibus,quorumlibra·
822 3838 940 3891 accedet.
986 3837 1071 3900 Quam
1093 3855 1153 3889 uam
1189 3837 1244 3889 lieri
1278 3845 1368 3906 potest
1394 3845 1427 3890 ut

179 3905 226 3958 riis
252 3905 355 3958 Orestes
381 3906 460 3960 heros
486 3905 594 3958 nimium
622 3914 700 3960 notus
726 3905 787 3972 fuit,
823 3905 947 3970 Curtius,
966 3905 1011 3974 qui
1030 3855 1109 3958 modo
1129 3905 1325 3974 Polypercontis
1343 3903 1426 3984 legio-

179 3973 327 4041 Lyncsstoe
348 3981 378 4026 et
403 3984 465 4028 suut
490 3973 609 4028 codicum
637 3977 787 4040 consensu),
823 3991 883 4026 nem
913 3991 964 4042 pro
995 3973 1141 4043 peregrinis
1176 3973 1310 4039 hahuerit,
1345 3981 1426 4026 etiam

179 4059 242 4095 cum
260 4039 325 4094 falso
342 4041 424 4122 vulgo
440 4043 565 4112 ederetur
593 4044 697 4096 Orestes
715 4043 787 4109 Lyn-
822 4039 955 4110 Amyntae
990 4059 1083 4110 agmen
1119 4039 1276 4111 singularem
1311 4039 1426 4110 ahquam

179 4108 789 4232 ttttumttttttffittttttt
822 4109 1156 4230 iiliimsllfflli'rfflll
1173 4108 1279 4243 {tlt
1296 4110 1427 4231 illiti}
1541 4113 1545 4122 ¹

178 4245 381 4316 τῶνΌρεσιιῦν
392 4249 490 4299 xatas·
509 4199 789 4311 unosmdddffitvdori·
823 4217 976 4299 societ'atem
1017 4194 1426 4315 aoeddllrnmadsumpumpdnxe-

180 4333 220 4366 σε.
248 4313 374 4367 Arrianus
396 4330 447 4385 pro
501 4315 578 4367 restis
605 4323 633 4367 et
651 4313 788 4392 Lyncestis
823 4313 873 4380 rit,
893 4314 964 4382 quod
982 4312 1004 4366 si
1022 4313 1059 4366 its
1077 4330 1133 4367 sese
1150 4314 1255 4379 hubent,
1274 4312 1353 4366 etiam
1372 4331 1426 4366 ser·

179 4380 323 4436 Peterem
349 4394 378 4436 et
401 4381 535 4454 (alterius)
554 4381 684 4454 Meleagri
706 4381 789 4443 τοίξιο
824 4382 940 4436 randum
956 4399 1013 4436 esse
1031 4383 1158 4453 pluralem
1175 4399 1312 4434 numerum
1328 4384 1426 4434 ascitos
