3260 5042
550 303 601 355 uu
629 293 758 358 ossus
784 303 893 357 saux.
920 305 980 383 rv,
996 302 1023 354 ι.
1052 261 1053 264 “
1357 277 1404 348 67

110 513 143 562 ιι
161 512 317 586 reprimi,
351 484 455 562 ιἰιιιιιο
486 487 634 578 Molle,
662 497 801 582 propter
833 507 941 582 quan
1012 479 1159 556 Somnio
1192 481 1314 554 similis
1349 502 1406 552 res
1464 487 1466 500 ’

162 595 419 698 Abdalonymo
445 597 654 670 videbatur:
690 591 887 684 interdum,
920 593 1054 667 satisne
1080 591 1158 665 sani
1184 602 1319 680 essent,
1346 590 1406 687 qui
1453 587 1499 690 ³.

164 719 240 780 tam
274 719 444 806 proterve
479 706 548 777 sibi
574 703 780 792 illuderent,
815 704 1106 800 percontabatur.
1160 695 1232 774 Sed
1259 710 1299 771 ut
1324 725 1407 772 cun·

164 821 277 894 ctauti
309 818 455 913 squalor
482 814 628 886 ablutus
655 825 727 904 est,
759 825 797 887 et
822 816 953 886 iniecta
983 814 1095 887 vestis
1120 833 1280 909 purpura
1306 834 1408 881 auro·

164 957 235 1028 que
267 927 451 1015 distincta,
486 935 524 998 et
555 923 645 998 fides
678 951 701 998 a
731 923 934 996 iurantibus
970 924 1083 1012 facte,
1116 922 1209 994 serio
1236 923 1306 994 iarn
1332 943 1408 1007 rex,

163 1039 292 1114 iisdem
318 1035 572 1109 comitantibus
600 1036 638 1106 in
663 1034 800 1131 regiam
826 1034 1001 1130 pervenit.

112 1175 147 1224 rs
219 1178 221 1182 ·
268 1143 380 1218 Fama
414 1145 562 1234 deinde,
599 1156 641 1217 ut
673 1144 782 1232 solet,
817 1155 964 1218 strenue
997 1153 1075 1216 tota
1109 1139 1199 1214 urbe
1225 1139 1408 1212 discurrit:

165 1258 318 1330 aliorum
350 1255 525 1346 studium,
560 1254 713 1326 aliorum
745 1252 945 1352 indignatio
978 1251 1173 1328 eminebat:
1215 1248 1409 1321 ditissimus

165 1369 317 1466 quisque
342 1365 584 1448 humilitatem,
606 1365 835 1462 inopiamque
867 1365 944 1437 eius
971 1363 1069 1462 apud
1093 1363 1227 1436 amicos
1253 1359 1411 1432 Alexan-

70 1515 73 1524 ·
112 1497 147 1546 aa
165 1479 222 1552 dri
248 1473 514 1550 criminabatur.
553 1474 723 1548 'Admitti
744 1499 833 1548 ,eum
857 1499 925 1548 rex
949 1474 1113 1573 protinus
1139 1471 1253 1560 iussit,
1279 1468 1411 1564 diuque

165 1585 441 1682 contemplatus,
467 1585 628 1684 corpora
658 1585 790 1681 inquit,
825 1585 955 1659 babitu
969 1587 1092 1686 scenae
1113 1581 1245 1681 pennas
1270 1605 1337 1654 non
1362 1601 1412 1651 re-

162 1709 315 1796 pupuut:
348 1696 410 1769 sed
441 1696 515 1768 labet
546 1695 649 1786 scire,
680 1694 832 1793 ineptiam
865 1721 934 1796 pua
951 1693 1119 1794 pdsbntir
1143 1689 1279 1764 arderes?
1318 1689 1443 1767 Tum

165 1807 245 1896 ille,
277 1805 425 1897 minam,
454 1805 590 1902 inquit,
622 1805 738 1881 eodem
768 1804 882 1881 antbto
907 1831 1048 1906 reqmnn
1066 1801 1147 1904 poti
1163 1799 1315 1900 possim!
1350 1799 1412 1872 lue
1440 1796 1447 1842 ·’

164 1941 290 1990 marne
332 1919 490 2017 suffecere
537 1914 704 1990 desiderio
748 1940 842 1990 oreo:
888 1917 975 1991 add
1010 1913 1141 1989 tabenti
1176 1911 1261 1984 nitu
1298 1910 1411 2010 dabri:

111 2053 147 2101 ss
165 2024 321 2124 Magnae
352 2023 484 2098 indolis
515 2025 699 2122 specimen
724 2049 772 2098 ex
803 2027 874 2098 hoc
900 2049 1066 2099 sermone
1089 2019 1333 2119 Abdalonymi
1359 2043 1413 2090 ce·

165 2136 231 2234 pit.
272 2133 399 2232 Itaque
425 2160 501 2207 non
526 2131 708 2208 Stratonis
734 2135 844 2208 modo
871 2137 1008 2235 regiam
1034 2132 1290 2233 supellectilem
1316 2130 1413 2203 attri-

165 2245 231 2318 bui
257 2244 290 2317 ei
315 2245 429 2334 iussit,
457 2244 523 2318 sed
549 2245 721 2343 pleraque
748 2245 857 2320 etiam
884 2271 930 2320 ex
956 2245 1102 2320 Persica
1126 2241 1270 2342 praeda,
1302 2240 1413 2337 regio-

165 2379 250 2428 nem
277 2378 420 2452 quoque
447 2355 527 2427 urbi
554 2357 759 2454 appositam
785 2356 916 2430 dicioni
943 2357 1019 2430 eius
1046 2354 1185 2428 adiecit

111 2488 147 2538 rr
224 2523 230 2530 .
271 2463 416 2538 Interea
453 2465 656 2564 Αιιιγιιιιιιι,
705 2492 812 2563 quem
851 2465 898 2538 ad
937 2464 1068 2540 Persas
1116 2465 1163 2538 ab
1202 2458 1412 2535 Alexandro
1441 2455 1463 2525 5

167 2573 408 2672 transfugisse
448 2573 629 2666 diximus,
669 2600 752 2648 curn
791 2586 963 2673 quattuor
1001 2575 1143 2648 milibus
1185 2570 1414 2659 Graecorum,

168 2687 289 2784 ipsum
317 2710 364 2757 ex
390 2684 465 2756 acie
491 2686 707 2782 persecutis,
741 2687 829 2785 fuga
854 2685 1013 2783 Tripolin
1041 2685 1213 2784 pervenit.
1265 2679 1353 2754 Inde
1378 2680 1416 2752 in

169 2831 309 2885 inventum
331 2837 374 2884 est
404 2847 471 2900 quos
497 2829 632 2886 Suskenb.
658 2831 780 2886 contulit.
815 2834 892 2888 urbes
908 2833 1044 2887 exhibent.
1072 2831 1126 2886 Sed
1143 2833 1290 2884 discurrere
1306 2845 1360 2882 non
1376 2825 1416 2879 di·

170 2900 270 2954 cm
296 2907 385 2950 tamen
410 2915 464 2952 ιιοιι
490 2917 628 2969 possumus
654 2899 780 2954 eiusmodi
815 2901 885 2956 citur
908 2901 957 2954 nisi
983 2899 1157 2955 intransitive.
1199 2898 1318 2968 Denique
1345 2894 1416 2965 quod

161 2965 313 3032 ,νοαιὶιιιῑο1
337 2982 387 3019 uec
407 2965 480 3018 aliud
502 2967 590 3038 aptius
615 2977 664 3021 aut
685 2969 781 3023 Curtio
795 3021 799 3027 ,
815 2969 941 3024 Smkenb
994 2969 1033 3023 'us
1053 2969 1082 3022 in
1103 2967 1178 3021 Leid.
1195 2967 1304 3026 Vosnl
1327 2981 1356 3017 se
1377 2963 1417 3016 iu·

168 3033 292 3088 mitstius
310 3033 374 3100 (vid
392 3047 423 3100 x,
444 3035 489 3103 10)
508 3033 634 3088 invenias.
668 3037 714 3089 Ad
731 3037 781 3090 hoc
815 3038 917 3091 venisse
934 3055 984 3091 serr
1004 3037 1025 3090 it
1060 3045 1198 3106 neterque
1215 3051 1259 3088 eos
1279 3050 1313 3085 err
1330 3031 1416 3100 Bong.

168 3103 284 3174 aliquam
302 3109 377 3154 cer-te
393 3119 410 3154 s
427 3100 523 3155 ceteris
540 3102 612 3157 Flor.
630 3113 660 3156 et
673 3104 779 3158 BernB
818 3113 866 3160 1.2
884 3113 913 3159 et
930 3105 1001 3159 Flor.
1060 3103 1148 3174 einsii)
1170 3103 1254 3156 rarior
1270 3102 1353 3154 torma
1370 3117 1417 3152 no-

168 3169 358 3248 auctoritatem
375 3169 466 3236 hebet,
484 3187 565 3240 quam
578 3171 781 3226 etismAldinus
815 3182 891 3228 tatur
908 3175 1089 3240 divitissimus,
1106 3173 1157 3226 hoo
1173 3189 1222 3240 ego
1233 3187 1248 3222 e
1260 3169 1331 3222 nullo
1346 3167 1367 3220 F
1369 3167 1416 3220 lor.

169 3239 270 3304 editor,
294 3255 341 3308 qur
362 3238 462 3308 primus
479 3238 594 3310 recepit,
618 3249 725 3294 secutus
742 3240 781 3293 vi-
816 3249 954 3296 enotatum
971 3241 1072 3308 inreui;
1090 3258 1157 3292 unus
1174 3241 1207 3291 de
1225 3237 1320 3292 nostris
1338 3236 1417 3289 Ber-n.

170 3306 257 3360 &2¹²¹-
815 3312 842 3363 A
863 3311 1028 3364 dimissimus
1050 3309 1139 3362 habet.
1174 3307 1274 3361 Eadem
1291 3323 1332 3358 res
1350 3304 1417 3374 libro

203 3377 227 3442 5.
245 3381 288 3428 28.
316 3375 416 3427 εοιιιιιίο
440 3375 547 3442 daulis]
585 3377 681 3430 Somrw
699 3377 780 3430 Bem.
816 3384 909 3446 x,c.8
926 3377 1030 3446 sodfflt,
1046 3386 1087 3444 ut,
1106 3393 1164 3430 cum
1182 3375 1306 3428 nescirem
1324 3372 1417 3443 quibus
1487 3407 1492 3416 -

168 3441 559 3576 ematurat
577 3443 780 3566 untur
814 3438 1418 3568 &tormentantur

168 3549 568 3656 usmetsisoimioetinromao
611 3580 684 3660 'quid
693 3553 781 3634 vider}
814 3582 921 3654 quidem
938 3583 996 3636 loco
1014 3583 1174 3648 ditissimas,
1191 3579 1276 3633 altero
1293 3578 1418 3631 divitissi-

170 3647 297 3716 frequms
313 3653 365 3712 est,
382 3646 434 3724 ubr¹
446 3655 604 3716 expectares
620 3666 650 3701 nr
667 3649 779 3715 somnio,
814 3669 917 3704 morum
932 3652 1049 3720 pentima
1067 3649 1158 3703 edidit

168 3729 211 3768 rus
229 3721 321 3766 tamen
337 3731 391 3767 nou
408 3713 516 3767 videtur
532 3723 604 3769 recte
622 3715 673 3770 dici
691 3735 780 3772 somno
850 3717 916 3790 Cap.
934 3725 965 3785 5,
993 3721 1016 3786 §.
1033 3725 1075 3772 2⁷.
1111 3720 1196 3786 spswn
1214 3747 1246 3755 -
1263 3715 1416 3792 persecutis]

169 3783 274 3835 cissitis.
291 3781 358 3834 Mox
374 3798 425 3852 pro
442 3784 511 3836 serio
528 3799 620 3836 omnes
634 3786 713 3838 codd.
731 3801 781 3838 no·
814 3787 889 3839 leid.
911 3787 990 3840 Voss.
1014 3794 1026 3839 1
1064 3793 1093 3838 et
1115 3800 1205 3839 ornnes
1236 3783 1310 3836 codd.
1333 3791 1417 3835 uostn

169 3849 218 3902 stri
240 3857 270 3902 et
290 3848 372 3902 Snuk.
396 3859 503 3920 praeter
523 3849 599 3905 Leid.
621 3861 654 3905 ut
675 3853 781 3907 videtur
814 3857 909 3924 ipsius,
927 3852 1279 3924 snakenburgisnietssern.
1297 3858 1417 3918 uterque,

170 3935 238 3984 sero,
256 3918 392 3982 mendose,
410 3917 490 3998 idque
506 3919 592 3972 Aldus
610 3923 734 3974 correxit.
814 3935 843 3975 et
859 3922 931 3976 Flor.
949 3921 1052 3977 Acufl
1069 3923 1150 3975 etiam
1163 3929 1326 3991 persecutos,
1345 3933 1417 3970 men·

205 3989 291 4053 5.-24.
307 3987 390 4054 sorno
416 3989 526 4055 dende]
558 3987 659 4041 Addidi
684 3992 780 4042 deinde
814 3992 877 4044 dosc
896 3999 927 4043 ut
945 3991 1047 4062 opinor.

239 4061 282 4107 ter·
299 4053 374 4132 codd.
395 4070 551 4108 consensum
568 4063 597 4108 et
615 4073 733 4110 meorum
750 4065 780 4109 et
851 4059 973 4130 Tripolin
994 4057 1055 4111 dedi
1078 4075 1126 4128 pro
1148 4057 1219 4176 Wli'
1241 4057 1366 4124 Tripolim
1383 4070 1418 4106 ex

244 4123 374 4192 enburgu.
408 4121 475 4175 Mox
499 4133 552 4176 toto
569 4125 633 4177 urbe
652 4127 779 4192 discurrit
812 4125 887 4179 Leid.
907 4127 983 4180 Voss.
1003 4134 1015 4179 l
1034 4126 1115 4180 Bern.
1132 4126 1159 4178 A
1176 4126 1246 4178 For.
1264 4125 1290 4176 A
1307 4133 1335 4174 et
1353 4121 1416 4174 edit

168 4199 233 4309 post
249 4189 377 4268 Medium·
391 4189 494 4270 editur,
518 4199 547 4243 et
564 4191 664 4263 legitur
680 4193 708 4246 in
725 4199 778 4246 uuo
813 4194 888 4249 Mod.
913 4194 985 4248 Nam
1002 4195 1029 4247 in
1047 4195 1096 4248 bac
1113 4193 1306 4257 terminatione,
1325 4207 1417 4260 qusni-

192 4257 298 4337 lonuA.
324 4257 379 4310 Alu
399 4256 461 4310 lsbrr
483 4265 513 4311 et
534 4260 586 4313 mei
606 4269 636 4314 et
658 4262 778 4315 Snalren·
813 4263 852 4316 vis
871 4263 979 4317 Curtius
997 4261 1126 4317 Graecam
1142 4263 1249 4316 sormam
1268 4261 1294 4312 in
1312 4259 1417 4311 univer·

169 4325 261 4395 burgu
275 4337 344 4378 totos
362 4327 439 4379 nrbes
462 4325 505 4378 vel
525 4329 676 4383 mendosius
698 4331 779 4383 etiam
814 4349 872 4384 sum
890 4330 1045 4402 praetulisse
1061 4329 1309 4398 videatur,singulis
1327 4337 1415 4380 tamen

170 4393 299 4459 (Bere-B
316 4393 341 4446 F
342 4392 388 4448 lor.
406 4393 526 4448 Durffl
543 4395 620 4450 Voss.
642 4405 671 4464 2)
689 4409 778 4453 tantus
814 4399 876 4454 locis
898 4399 1001 4454 codices
1023 4418 1083 4454 mss.
1112 4399 1262 4470 inspiciendi
1285 4405 1360 4462 suut,
1381 4409 1416 4446 ne

1181 4485 1194 4514 1

1156 4491 1171 4536 5
