3258 5120
517 309 566 360 nn
594 309 720 364 snsrrs
745 311 855 364 anax.
882 313 932 381 rx,
957 311 1001 361 41.
1298 289 1370 360 481

66 509 108 558 aa
132 514 274 563 novare
292 488 459 579 voluisse,
485 489 635 567 durnin
660 493 761 568 India
786 521 852 568 rex
877 506 942 568 est.
988 491 1102 580 Quem
1120 502 1374 580 occurrentem,

132 599 362 673 dissimulata
386 602 441 674 ira
467 605 616 680 comiter
642 607 827 694 allocutus,
859 604 945 677 dum
971 603 1175 702 exploraret
1199 626 1290 700 quae
1316 600 1376 674 de-

133 709 352 802 latuerant,
379 711 416 786 in
443 715 570 790 eodem
597 709 732 788 Honore
757 713 892 787 habuit.

244 817 335 894 Cum
366 822 450 898 inde
482 827 666 924 praefecti,
707 827 800 898 sicut
831 827 1044 922 imperatum
1076 835 1167 914 erat,
1203 825 1425 920 equorum42

134 930 451 1031 iumentorumque
476 937 647 1035 iugalium
673 937 747 1008 vim
772 937 954 1034 ingentem
982 935 1164 1026 exomni,
1191 960 1283 1031 quae
1310 933 1376 1006 sub

134 1041 287 1138 imperio
307 1055 395 1136 erat,
422 1047 567 1144 regione
586 1048 774 1137 misissent,
802 1047 930 1144 quibus
949 1045 1097 1119 deerant
1115 1045 1377 1144 impedimenta,

74 1169 113 1219 aa
134 1153 305 1228 restituit
357 1156 472 1230 Arma
497 1182 640 1253 quoque
665 1157 713 1231 ad
739 1159 928 1256 pristinum
953 1157 1085 1230 refecta
1110 1167 1195 1230 sunt
1221 1158 1376 1230 cultum:

135 1265 271 1365 quippe
296 1265 395 1340 haud
422 1269 546 1364 procul
572 1294 595 1339 a
620 1267 768 1342 Perside
794 1266 960 1357 aberant,
993 1293 1065 1340 non
1100 1277 1227 1365 pacata
1258 1265 1375 1356 modo,

65 1395 118 1442 “n
138 1376 206 1452 sed
232 1378 342 1450 etiam
367 1379 548 1475 opulente
601 1377 730 1478 Igitur,
761 1389 804 1452 ut
830 1403 938 1476 supra
964 1377 1098 1452 dictum
1123 1389 1210 1469 est,
1225 1379 1377 1452 aemula-

137 1497 200 1562 tus
226 1486 345 1562 Patris
370 1487 491 1561 Liberi
517 1514 591 1561 non
617 1491 767 1588 gloriam
793 1490 926 1579 solum,
961 1515 1068 1586 qnam
1095 1515 1141 1563 ex
1172 1490 1240 1562 illis
1265 1488 1378 1586 genti·

137 1599 208 1672 bus
236 1598 508 1696 deportaverat,
543 1597 743 1674 sedetiam
766 1601 914 1691 famam,
950 1601 1025 1675 sive
1059 1599 1147 1674 illud
1178 1599 1378 1696 triumphus

137 1709 208 1781 fuit
234 1709 280 1781 ab
307 1734 351 1782 eo
378 1711 534 1808 primum
558 1710 754 1802 institutus,
787 1711 864 1784 sive
889 1712 1139 1786 bacchantium
1163 1712 1278 1800 lusus,
1310 1719 1378 1782 sta

83 1819 213 1893 satuit
237 1819 380 1912 imitari,
405 1821 526 1894 animo
552 1846 660 1920 super
686 1821 882 1896 humanum
906 1823 1086 1920 fastigium
1112 1821 1216 1896 elato.
1262 1819 1379 1911 Vicos,

140 1953 207 2027 per
231 1955 323 2026 quos
349 1931 418 2004 iter
444 1943 538 2024 erat,
570 1931 717 2006 floribus
744 1933 955 2030 coronisque
980 1933 1090 2008 sterni
1114 1931 1229 2022 iubet,
1256 1930 1378 2004 limini·

140 2037 210 2115 bus
243 2041 387 2115 aedium
419 2054 578 2117 crateras
604 2043 689 2116 vino
722 2045 877 2143 repletas
910 2055 948 2118 et
979 2044 1047 2118 alia
1073 2043 1222 2118 eximiae
1246 2041 1378 2139 magni-

139 2151 276 2226 tudinis
302 2177 392 2226 vasa
418 2151 578 2252 disponi;
617 2151 781 2228 vehicula
806 2153 934 2229 deinde
960 2165 1157 2245 constrata,
1193 2163 1235 2226 ut
1258 2153 1377 2251 plures

4 2335 6 2366 ,
141 2286 271 2361 capere
302 2265 433 2338 milites
465 2275 630 2364 possent,
668 2266 706 2338 in
736 2265 1048 2341 tabernaculorum
1078 2263 1225 2338 modum
1250 2263 1380 2351 ornari,

90 2393 124 2442 aa
142 2375 213 2448 alia
240 2372 402 2450 candidis
428 2375 534 2466 velis,
573 2375 644 2448 alia
669 2385 770 2450 veste
801 2376 967 2476 pretiosa
1019 2374 1128 2448 Primi
1153 2374 1254 2449 ibant
1278 2373 1380 2446 arnici

4 2473 5 2502 ¹
142 2495 180 2558 et
211 2486 341 2560 cohors
373 2486 490 2584 regia,
527 2485 634 2576 uariis
665 2485 830 2559 redimita
860 2488 1007 2561 floribus
1033 2486 1257 2583 coronisque
1296 2483 1379 2556 alibi

143 2595 329 2670 tibicinum
365 2608 512 2687 cantus,
551 2595 635 2669 alibi
670 2597 769 2694 lyrae
809 2623 919 2672 sonus
954 2595 1184 2670 audiebatur:
1224 2596 1309 2669 item
1344 2593 1379 2664 in

143 2706 316 2812 vehiculis
368 2733 434 2808 pro
480 2707 584 2805 copia
632 2707 802 2804 cuiusque
853 2707 1034 2782 edomatis
1087 2705 1380 2782 comissabundus

144 2818 336 2910 exercitus,
363 2819 483 2910 armis,
510 2843 602 2915 quae
627 2817 782 2892 maxime
799 2817 930 2894 decora
956 2829 1067 2909 erant,
1095 2816 1381 2915 circumpenden-

178 3015 304 3088 Cap.42‚
322 3021 346 3086 ς.
360 3023 403 3072 22.
441 3018 507 3072 Cum
525 3021 586 3072 inde
605 3020 746 3088 praeseca]
781 3015 906 3071 annotavi
923 3017 957 3070 ad
975 3017 1030 3072 Cic.
1048 3017 1075 3070 in
1091 3021 1168 3070 Verr.
1182 3015 1227 3070 lib.
1242 3031 1283 3083 ιν,
1302 3032 1325 3069 c.
1340 3022 1382 3070 59.

145 3084 264 3156 Vulgata
281 3084 361 3140 lectio
379 3105 437 3140 cam
455 3087 550 3140 Indiae
567 3087 697 3156 praefecti
713 3088 747 3139 ab
782 3085 872 3156 Vulgo
895 3095 983 3139 autom
1007 3089 1116 3155 repletos
1142 3085 1237 3138 editur.
1276 3084 1381 3138 Crater-

145 3153 215 3207 Aldo
233 3170 249 3206 a
266 3155 402 3209 codicibus
426 3154 472 3206 illa
494 3155 613 3225 quidem,
638 3155 684 3208 sed
706 3163 747 3220 ta-
782 3171 830 3207 rcs
853 3153 933 3207 scribi
953 3165 1062 3225 propter
1084 3153 1189 3224 longam
1211 3152 1327 3207 vocalem
1355 3151 1382 3205 in

146 3239 205 3274 men
222 3222 397 3278 deterioribus
419 3223 500 3276 ducta
521 3231 569 3276 est
606 3222 677 3276 Nam
693 3239 747 3275 me·
782 3220 1009 3288 Voss.1'Flor.A,
1027 3226 1164 3276 crueleras
1174 3229 1292 3344 1propter
1301 3221 1383 3275 Grae-

27 3328 30 3338 ·
147 3289 222 3344 liores
231 3293 293 3344 inde
302 3291 517 3344 exhibentLeid.
528 3291 748 3345 Voss.IBern.A
783 3305 841 3343 cam
860 3289 988 3361 originem
1005 3289 1170 3352 inlicem
1218 3307 1272 3344 non
1289 3289 1383 3342 mirum

147 3358 216 3413 Flor.
231 3359 279 3412 AB
298 3360 458 3430 (contrarius
477 3376 553 3414 error
574 3377 605 3412 su
625 3376 655 3412 ra
673 3367 748 3413 nota·
782 3366 830 3412 est

147 3427 224 3482 batur
241 3442 304 3494 vm,
323 3436 367 3491 41,
385 3431 426 3496 3),
443 3427 471 3480 in
493 3428 595 3481 sliisIn
615 3430 625 3480 ι’
646 3427 749 3499 legitur,
819 3429 897 3494 §Ab
933 3427 1064 3481 tibicinum
1083 3427 1185 3498 canna]
1222 3425 1305 3478 Recte
1323 3425 1383 3478 tibi·

147 3495 222 3616 pauoi
235 3496 331 3576 Indiae
348 3495 420 3550 l'lor.
437 3495 543 3576 quidem
562 3495 660 3549 DFGI.
695 3495 749 3575 Sed
783 3495 869 3547 einum
890 3511 940 3564 pro
956 3495 1033 3574 yulg.
1051 3495 1178 3576 librorum
1201 3503 1236 3574 et.
1252 3493 1382 3572 editomm

165 3581 179 3616 e
206 3563 284 3618 Indu
315 3582 370 3618 non
401 3565 571 3635 cogitandum
597 3580 654 3618 esse
680 3573 748 3617 ratio
783 3569 813 3614 et
830 3579 890 3615 mss.
900 3561 1013 3617 lectione
1027 3565 1167 3618 rubianum
1177 3561 1384 3640 Freinshemrum

37 3663 41 3689 ι
148 3632 251 3686 evincit
288 3633 440 3686 Verborum
459 3631 623 3686 constmctio
638 3639 748 3699 munla,
782 3631 937 3684 emendasse
951 3649 1053 3698 censeo,
1072 3649 1132 3685 nam
1146 3629 1341 3684 tubsmilitaris
1356 3645 1384 3681 1n

149 3717 206 3753 cum
222 3701 334 3755 deberet
355 3705 423 3755 Inde
441 3719 506 3768 cum,
525 3701 693 3772 corruptelae
710 3700 749 3754 ri·
783 3696 835 3752 illis
852 3698 951 3752 deliciis
968 3699 1054 3753 locum
1071 3717 1124 3753 non
1142 3697 1272 3765 habebat,
1296 3713 1383 3766 neque

150 3769 225 3822 detur
240 3786 321 3824 causa
337 3769 425 3822 fuisse.
784 3764 946 3846 aalplyyaw
972 3769 1018 3821 sed
1045 3766 1141 3820 αὐλῶν
1165 3766 1265 3847 mentio
1290 3766 1321 3820 lit
1348 3766 1382 3818 ab

181 3867 257 3934 §.Vt
281 3871 461 3924 bacchantium
479 3871 563 3936 lusus]
578 3872 668 3948 ‘lustu
678 3869 749 3923 Flor.
783 3837 952 3958 &ffinffilgss
976 3837 1152 3958 fflggmffit
1170 3835 1288 3956 {³2:2¹ss
1313 3850 1384 3955 Ἓξ

150 3937 197 3992 PH
214 3938 296 3992 Ml
316 3938 441 4006 Bem'B’
459 3956 523 3992 Μ
538 3937 612 3990 md·
785 3973 845 4026 dem
862 3973 933 4043 qnod
951 3944 1077 4044 sequium,
1095 3943 1248 4026 Schefferus
1259 3941 1312 4024 ruba
1328 3987 1384 4023 ma·

166 4043 255 4122 Ιμᾶ.
291 4051 410 4096 crateras
428 4043 488 4094 vino
504 4042 635 4161 rppletch·
664 4040 751 4094 Femi-
785 4039 844 4121 luit,
859 4049 893 4122 ⁸ut
911 4039 1051 4120 referretur
1068 4042 1101 4094 ad
1119 4039 1146 4093 id
1163 4039 1232 4111 quod
1250 4037 1384 4092 antecedit

150 4109 518 4240 rppsppggpuffi
537 4116 749 4230 xltlftlltt
803 4127 874 4229 'tl’
892 4113 1383 4230 lttsstttlt‘tlttlt‘t‘t

150 4195 296 4300 boetiam
307 4247 334 4300 in
367 4197 554 4302 rbffaoratione
568 4244 651 4314 possis
665 4244 750 4300 sonna
785 4246 864 4298 ficare
873 4195 988 4298 licetur
1002 4245 1081 4298 etiam
1099 4193 1202 4316 priorell
1217 4243 1275 4296 illos
1293 4192 1382 4295 ingile-

151 4324 251 4367 ccccm
269 4314 317 4368 uti.
381 4333 423 4368 am
441 4332 521 4385 snpra
531 4313 628 4380 libau,
638 4322 671 4367 34
680 4322 749 4368 extr.
784 4312 877 4368 laiculis
895 4314 984 4382 luisse,
1004 4332 1056 4368 non
1071 4323 1117 4367 aut
1134 4311 1245 4382 pedibus
1254 4319 1300 4365 aut
1308 4311 1383 4378 equis

152 4382 182 4435 de
198 4399 230 4436 ea
247 4383 381 4438 dubitavit
394 4383 594 4438 Freimhemins.
632 4381 749 4454 ecquae
784 4382 837 4438 iter
854 4381 954 4438 secisse.

1146 4473 1176 4520 ³1
