3300 5044
151 1453 173 1522 7

200 355 273 427 492
676 369 711 432 e
739 367 861 422 cnnrn
885 367 971 421 eurr

199 551 307 602 lecerat
342 549 368 600 Is
387 545 468 616 igitur
485 565 544 602 cum
562 548 697 616 fiduciam,
721 567 800 622 quarn
818 549 845 604 in
862 549 1067 622 propensissime
1083 551 1154 621 ragis
1171 550 1259 621 gratia
1275 551 1376 604 habere
1393 568 1447 622 po-

198 632 284 690 terat,
311 623 492 693 magnitudine
509 625 668 697 flagitiorum
693 627 906 700 consumpsisset,
933 629 1050 699 quinque
1076 627 1203 682 talentum
1225 625 1297 680 milis
1322 645 1356 681 ex
1374 645 1447 698 gm

107 707 111 718 ¹
199 699 271 768 regia
288 699 370 770 rapit,
397 701 579 774 conductaque
597 721 644 758 scr
661 705 761 758 milium
786 704 1005 758 mercenariorum
1023 721 1116 771 manu,
1143 703 1170 758 in
1188 702 1322 772 Europam
1339 703 1446 757 evadit

198 857 288 920 venia,
314 855 440 909 adversus
458 856 523 910 irum
540 857 622 928 ipsius
640 859 667 912 in
685 858 776 910 alienis
794 858 887 927 opibus
914 855 1059 909 subsidium
1076 854 1276 926 circumspicere
1299 865 1444 924 coeperam

199 938 228 984 et
246 931 434 999 Athenienses,
454 950 566 1003 quonam
584 953 637 987 non
654 934 869 987 contemnendam
887 931 1047 1002 potentiam,
1067 938 1094 982 at
1113 931 1183 1000 apud
1200 939 1302 984 ceteros
1320 929 1444 984 Graecos

199 1009 397 1076 auctoritatem,
416 1017 472 1062 tum
490 1009 620 1062 occultum
637 1009 664 1062 in
682 1009 841 1062 Macedonas
858 1006 948 1062 odium
966 1015 1050 1072 norst,
1069 1007 1160 1060 sedulo
1180 1009 1307 1060 coluerat
1341 1008 1440 1078 ltaque

199 1100 274 1154 mem
291 1084 344 1138 suis
362 1085 495 1151 faciebat,
511 1084 686 1138 Athenienses
703 1085 815 1138 adventu
832 1101 880 1138 suo
897 1083 1018 1152 cognito,
1037 1081 1172 1152 copiisque
1188 1091 1216 1136 et
1232 1084 1356 1153 pennulis,
1374 1103 1444 1155 qun

198 1155 349 1226 adduceret,
368 1177 457 1214 coram
475 1159 608 1230 inspectis,
627 1160 747 1232 protinus
760 1176 832 1214 arms
849 1159 1010 1231 consiliaque
1028 1158 1171 1213 sociaturos
1188 1173 1254 1210 esse.
1280 1157 1349 1211 Num
1368 1161 1444 1229 apud

198 1235 324 1307 populum
341 1235 492 1306 imperitum
509 1243 538 1288 et
555 1235 689 1302 mobilem,
706 1236 880 1307 perhumines
898 1234 1035 1308 improbos
1053 1241 1083 1289 et
1100 1233 1210 1289 eruitis
1218 1233 1332 1300 venales,
1350 1236 1444 1290 omnis

198 1328 228 1366 se
245 1311 395 1366 muneribus
413 1319 613 1366 oonseonnmm
630 1312 816 1386 existimabat]

302 1450 416 1549 Igitur
442 1453 590 1551 triginta
615 1455 766 1528 navibus
793 1451 942 1530 Sunium
967 1453 1231 1540 transmittunt,
1258 1451 1441 1548 (promon-
1460 1473 1501 1520 11.

199 1561 330 1636 torium
355 1564 567 1638 estAtticae
592 1563 742 1662 terrae,)
767 1564 864 1638 unde
881 1573 1026 1662 portum
1051 1562 1150 1636 urbis
1169 1571 1291 1660 petere
1317 1559 1441 1635 decre·

199 1684 337 1746 verant.
390 1673 456 1748 His
482 1677 650 1774 cognitis,
681 1699 748 1748 rex
773 1673 932 1773 Harpalo
958 1672 1309 1770 Atheniensibusque
1333 1673 1479 1746 iuxtas

201 1785 351 1859 infestus
379 1787 529 1860 classem
564 1786 682 1884 parari
707 1785 820 1876 iubet,
854 1784 1017 1858 Athenas
1052 1785 1215 1881 protinus
1250 1783 1440 1882 petiturus.

200 1892 306 1982 Quod
341 1895 527 1968 consilium
571 1921 653 1970 cum
686 1897 778 1969 clem
816 1897 943 1994 agitat,
978 1895 1120 1972 litterae
1154 1895 1186 1968 ei
1227 1893 1481 1985 redduntur‚s
1550 1915 1561 1924 ·

198 2003 398 2104 Harpalum
422 2007 576 2081 intrasse
594 2005 737 2104 quidem
753 2005 935 2104 Athenas,
961 2007 1113 2104 pecunia
1139 2005 1343 2080 conciliasse
1370 2005 1441 2079 sibi

198 2117 399 2215 principum
423 2119 582 2192 animos:
608 2143 704 2208 mon,
730 2117 878 2192 concilio
904 2117 1018 2216 plebis
1035 2117 1169 2208 habito,
1195 2117 1333 2190 iussum
1349 2115 1440 2190 urbe

200 2226 374 2302 excedere
401 2227 448 2302 ad
476 2225 631 2305 Graecos
656 2229 786 2303 milites
817 2229 1039 2328 pervenisse,
1075 2227 1203 2325 quibua
1229 2227 1267 2300 in
1293 2224 1440 2301 Cretam

200 2339 373 2430 traiectis,
408 2339 614 2437 aquodam
640 2339 857 2416 Thimbrone
891 2341 1145 2437 interemptum
1179 2363 1245 2437 per
1279 2336 1439 2413 insidias.

199 2446 265 2522 His
300 2450 416 2523 laetus
454 2451 492 2523 in
518 2449 701 2550 Europam
739 2451 935 2526 traiiciendi
974 2449 1162 2526 consilinm
1200 2449 1337 2542 omisitr·
1372 2447 1483 2522 sede

201 2561 335 2651 exules,
361 2571 603 2660 praeterens,
630 2563 690 2661 qui
715 2563 809 2637 civili
836 2563 1007 2662 sanguine
1028 2561 1164 2660 aspersi
1191 2570 1302 2650 erant,
1328 2559 1439 2656 recipi

94 2685 97 2691 “
202 2671 248 2744 ab
274 2672 439 2746 omnibus
468 2669 687 2747 Graecorum
713 2674 926 2763 civitatibus,
953 2674 1031 2782 quis
1057 2672 1150 2770 pulsi
1177 2683 1298 2761 erant,
1325 2670 1439 2743 iussit

200 2779 249 2854 Et
275 2777 420 2872 Graeci,
454 2783 553 2856 haud
577 2785 655 2858 ausi
680 2785 867 2883 imperium
893 2783 1092 2882 aspernari,
1128 2807 1343 2880 quamquam
1369 2781 1481 2855 sol-s

199 2890 397 2965 vendanum
423 2893 543 2991 legum
560 2894 599 2966 id
614 2897 825 2994 principium
843 2919 920 2968 esse
939 2893 1144 2985 censebant,
1171 2893 1267 2966 bona
1285 2916 1437 2990 quoque,

233 3091 298 3162 Gap.
317 3099 341 3158 7,
360 3097 385 3154 ,e
403 3098 428 3146 8.
463 3110 521 3146 casn
538 3096 607 3147 dum
623 3096 708 3164 agitet
755 3093 801 3148 Sic
835 3097 882 3149 bus
907 3097 985 3148 deest
1010 3091 1038 3148 in
1067 3093 1145 3146 codd.
1171 3093 1302 3148 omnibus.
1345 3094 1441 3162 Itaque

199 3159 320 3231 plerique
338 3168 368 3213 at
384 3159 478 3241 optimi
496 3162 586 3225 codd,
603 3179 670 3216 unns
721 3163 800 3217 occ
834 3162 973 3216 emendavi
1016 3163 1090 3216 ustus
1117 3164 1145 3215 tn
1165 3162 1270 3216 &mum
1287 3161 1403 3214 anteum
1420 3177 1440 3212 c

199 3245 256 3280 cum
273 3230 340 3281 clam
367 3239 496 3298 spueret,
527 3229 614 3283 nullus
641 3231 714 3300 quod
759 3239 802 3285 oet
834 3234 946 3302 qsmdom
964 3232 1120 3285 Thimbrone
1137 3231 1316 3300 inemptmn
1329 3245 1380 3298 per
1396 3231 1439 3280 bs·

198 3296 273 3350 Mod.
291 3295 369 3349 bodie
387 3297 707 3369 sereediturdnrncqitat
793 3339 800 3352 .
834 3303 928 3354 ridica.
966 3301 1101 3352 stabulos
1134 3315 1185 3369 pro
1202 3297 1358 3352 immersis
1383 3294 1439 3350 dici

198 3366 231 3416 In
248 3367 358 3434 seqq.ei
375 3366 451 3418 abest
466 3366 501 3419 ab
518 3366 639 3420 omnibus
652 3385 713 3420 mss.
724 3383 800 3437 prae-
834 3367 887 3421 vid.
897 3367 981 3420 Drulr.
998 3368 1033 3420 sd
1045 3366 1205 3429 Linmn,
1224 3374 1249 3430 d,
1261 3375 1285 3433 1,
1309 3363 1354 3417 Ne
1371 3362 1440 3418 scri-
1545 3369 1550 3376 '

198 3439 242 3485 ter
260 3449 338 3484 unum
348 3432 467 3499 sionim
486 3432 801 3488 sedeiussuctoritssse·
834 3436 927 3489 berem
953 3437 1105 3516 psittacum
1131 3465 1167 3476 --
1200 3435 1337 3487 emissem
1370 3431 1441 3486 haee

199 3498 338 3554 tisidonea
348 3500 425 3554 nobis
434 3501 799 3556 estsdretinendamvocem
834 3519 914 3558 cansa
930 3503 981 3557 furt
998 3503 1072 3575 quod
1089 3503 1208 3556 nondum
1225 3503 1296 3572 apud
1314 3499 1440 3554 Curtium

199 3570 801 3694 iuniissmddesidniiilbbiiawriiiiibiiebbiog-
834 3571 1135 3712 ffidiittiiiieiiirecdrffl
1174 3567 1441 3692 ¹'iiiiiiiriiautioiidsmdiii

197 3706 304 3758 animm.
834 3717 891 3762 tem
915 3727 932 3762 a
966 3706 1231 3762 librariis-ronfimdi
1265 3705 1329 3759 satis
1354 3703 1440 3758 mults

233 3773 324 3842 quidus
341 3773 370 3826 in
390 3774 495 3828 Cretum
518 3775 633 3828 troiam
650 3779 712 3844 oet}
748 3775 800 3830 Lo·
835 3778 958 3847 exempla
975 3785 1046 3830 sunt
1083 3776 1197 3838 Qsddcm
1221 3773 1334 3845 denique
1356 3773 1439 3826 etiarn

198 3859 244 3895 ers
261 3843 299 3895 sic
315 3842 458 3896 exhibetur
469 3841 497 3896 in
511 3843 634 3914 optimis:
652 3845 743 3915 quitos
759 3846 801 3896 in-
835 3843 1008 3916 prseponitnr
1024 3843 1133 3910 nomini,
1152 3841 1206 3896 vid.
1223 3857 1288 3909 vm,
1306 3849 1350 3907 28,
1367 3847 1412 3894 26.

198 3919 337 3979 tercepnun
354 3913 509 3964 tmcidctwn
528 3929 546 3964 c
568 3915 680 3982 modum
696 3922 801 3966 rumore
870 3917 892 3982 5.
910 3923 935 3967 4.
971 3914 1107 3966 consiliam
1128 3913 1226 3982 omimt]
1263 3909 1366 3981 Optimi
1389 3908 1438 3961 eli-

198 3980 375 4048 euerempsm
397 3996 447 4049 per
469 3981 599 4047 insidiam
625 3980 668 4033 alii
685 3999 736 4052 pro
767 3997 800 4034 eo
836 3975 899 4052 oqui
920 3982 1023 4036 codices
1045 3983 1151 4045 crisie..
1170 3981 1218 4033 sed
1239 3981 1325 4033 omisit
1346 3993 1439 4030 venum

199 4048 272 4116 qnod
290 4055 331 4100 est
347 4049 516 4117 interceptmn
539 4048 618 4102 etiarn
655 4049 725 4102 riore
742 4050 801 4104 loco
835 4059 876 4103 est
892 4050 1041 4104 ethabent
1071 4049 1142 4102 Flos.
1159 4047 1280 4102 DEGHI
1306 4047 1386 4099 Bern.
1404 4044 1438 4098 B.

199 4117 298 4170 habent
314 4117 419 4169 interam
438 4127 490 4168 trun
507 4116 620 4170 Benass
635 4067 705 4171 ilos.
715 4117 799 4184 CEH,
868 4122 914 4190 qni
931 4121 1001 4172 ciuili
1017 4119 1146 4196 confflem
1154 4118 1258 4196 aspersi
1270 4113 1388 4194 erem11

198 4185 253 4250 alii,
272 4185 371 4237 Voset
426 4201 458 4238 eo
476 4187 611 4251 intentum,
629 4203 679 4257 pro
696 4197 801 4240 auctore
834 4188 987 4241 Alexander
1025 4185 1053 4238 in
1088 4186 1184 4238 litteris
1222 4183 1292 4254 spnd
1324 4182 1378 4235 Dio
1398 4199 1439 4234 or.

217 4254 331 4308 rnebeot
352 4255 450 4307 victora
482 4252 552 4306 Flor.
571 4253 596 4305 D
619 4253 646 4308 in
672 4255 799 4325 margine,
833 4271 919 4323 xvrrr,
938 4261 954 4309 8
972 4253 1047 4320 πλὴν
1063 4259 1125 4308 τῶν
1143 4257 1254 4324 ἐναγῶν
1276 4251 1346 4304 dicit
1381 4249 1439 4304 Sed

199 4273 271 4377 ilos.
289 4320 315 4374 G
336 4330 364 4374 et
381 4322 491 4376 Vosat
525 4321 552 4374 in
570 4330 661 4389 textu,
687 4323 799 4378 Elone
834 4326 904 4396 apud
925 4324 1040 4378 eundem
1058 4323 1103 4378 lib.
1120 4337 1201 4388 xrrr,
1230 4328 1278 4376 los
1301 4319 1439 4390 excipiun-

200 4393 315 4463 m'ctort'p,
333 4389 404 4444 llos.
421 4389 474 4444 ΕΗ
491 4405 550 4442 cum
567 4389 680 4444 Bermss
699 4394 800 4444 victore.
835 4401 878 4447 tur
896 4394 923 4446 οἱ
940 4391 1080 4466 ἱερόσυλοι
1096 4397 1143 4443 καὶ
1160 4399 1266 4464 φονεῖς.

201 4457 473 4528 Praepositiouquae
482 4467 523 4511 est
534 4458 563 4510 in
571 4457 649 4511 editis
663 4467 725 4510 ante
743 4462 801 4528 qui·
869 4465 893 4528 ξ.
911 4467 935 4514 5.
969 4463 1249 4531 solvendensnleyum
1266 4465 1340 4512 recte
1357 4455 1439 4510 mere
