3324 5054
77 379 84 396 ,
202 309 274 380 162
386 277 390 288 ’
672 323 733 386 o.
761 269 884 376 coam
908 310 994 378 111111

199 504 291 572 Prope
312 500 407 553 urbem
429 517 525 572 agmen
547 501 571 556 ei
596 503 703 559 obviam
728 505 802 560 veuit
825 505 988 561 Graecomm
1011 504 1189 574 captivorum,
1211 520 1229 557 a
1245 501 1335 556 Persis
1358 501 1439 556 foede

198 577 388 645 mutilatorum,
406 578 503 650 quibus
520 599 578 636 cum
596 599 644 635 rex
661 582 793 653 pollicitus
812 591 897 650 esset,
916 582 942 640 in
960 580 1073 650 patrium
1091 581 1205 634 reditum
1221 597 1281 634 asse
1299 579 1440 651 expeditu-

199 671 270 721 rum,
298 654 359 725 (18)
375 655 421 710 'illi
439 657 556 712 interae
580 659 774 726 deliberarunt,
799 657 863 728 quid
881 673 898 710 a
914 671 979 726 rege
996 657 1141 723 petendum
1158 656 1308 710 videretur:
1335 665 1364 709 et
1381 655 1441 708 aliis

199 729 307 800 quidem
324 729 353 784 in
370 733 437 788 Asia
453 736 657 802 remanendum,
684 736 742 804 (19)
762 733 821 798 aliis
845 748 922 802 quarn
940 729 1053 800 primum
1070 730 1235 783 redeundum
1252 732 1281 784 in
1298 731 1441 786 Graeciam

199 809 378 879 censentibus,
397 811 462 866 uicit
478 809 669 864 remanentium
686 807 826 862 sententia.
853 807 891 862 Et
908 807 1001 860 bomm
1019 806 1127 877 quidem
1144 807 1266 859 fortume
1284 808 1441 860 Alexander

200 884 348 940 liberaliter
364 888 503 942 consuluit
540 889 599 954 (20)
618 885 687 937 Tum
705 883 871 954 Persepolim
889 883 1001 955 ingressi
1019 883 1182 939 Macedones
1200 884 1271 937 iussu
1289 883 1361 954 regis
1379 883 1443 936 dirr-

200 973 316 1034 puerunt
332 983 364 1019 ao
381 971 525 1017 vastarunt
551 961 610 1014 Illic
628 969 655 1013 et
671 961 832 1032 Persagadis
850 973 977 1033 quantum
994 961 1123 1034 pecuniae
1142 971 1248 1034 captum
1266 961 1302 1015 sit
1319 962 1442 1015 refertur.

200 1041 260 1109 (21)
281 1030 419 1095 Interiora'
436 1037 555 1092 Persidis
576 1038 710 1109 feramque
734 1049 842 1110 gentem
864 1040 1019 1094 Mardorum
1047 1040 1123 1094 unius
1151 1042 1209 1095 sere
1230 1039 1328 1094 mensis
1354 1039 1442 1110 spatio

201 1116 258 1188 ipse
276 1116 441 1170 Alexander
468 1113 571 1167 domuit
596 1114 700 1186 sibique
726 1133 821 1188 parere
847 1116 944 1188 coegit
970 1119 1054 1186 (Vere
1076 1119 1142 1171 ensi
1165 1135 1191 1172 a.
1220 1117 1283 1170 oar.
1308 1123 1443 1171 11111380.

202 1193 302 1261 Olymp.
327 1197 384 1254 112,
408 1193 443 1257 1.)
481 1192 540 1258 (22)
558 1191 725 1264 Persepolim
741 1209 883 1260 reversus,
911 1201 1019 1247 auctore
1037 1193 1143 1247 Thaide
1160 1193 1315 1260 meretrice,
1340 1192 1442 1264 regiam

199 1268 330 1336 incendit,
359 1269 420 1338 (23)
439 1269 552 1339 posthac
568 1288 622 1324 non
639 1270 796 1326 restitutam.
839 1271 907 1325 Sera
927 1267 1094 1340 poenitentia
1115 1277 1203 1323 motus
1220 1267 1341 1322 Mediam
1363 1269 1441 1340 petit,

200 1344 318 1398 Dareum
336 1353 533 1416 persecutums.

269 1424 328 1493 (21)
347 1421 410 1490 Qui,
429 1421 559 1495 longioris
578 1425 656 1495 fugae
674 1423 785 1480 consilio
803 1421 924 1490 abiecto,
946 1441 1006 1480 eum
1025 1421 1057 1476 iis
1076 1439 1142 1494 quaa
1158 1421 1278 1478 babebat
1295 1421 1379 1494 copiis
1396 1422 1444 1474 de-

200 1507 303 1554 certare
321 1499 423 1568 statuit,
434 1509 462 1555 et
480 1500 602 1555 oratione
620 1500 720 1566 habita,
735 1507 877 1570 postquam
894 1518 1001 1555 suorum
1018 1499 1145 1554 virtutem
1162 1500 1296 1572 fidemque
1315 1499 1441 1566 laudavit,

200 1579 259 1648 (25)
276 1595 324 1632 eos
343 1578 501 1631 adhortatur
518 1585 547 1629 et
564 1585 631 1640 crat,
650 1585 680 1630 ut
696 1575 779 1630 semel
795 1593 854 1630 cum
872 1577 993 1650 motabili
1011 1576 1118 1633 fortuna
1135 1577 1293 1648 transigant
1320 1581 1380 1649 (26)
1391 1576 1443 1631 Ce-

200 1663 318 1709 terorum
340 1671 477 1708 assensum
494 1653 643 1706 Artabazus
661 1644 800 1723 exprimit,
828 1653 875 1706 sed
898 1653 1088 1724 Nabarzanes,
1112 1655 1264 1726 Hyrcaniae
1282 1655 1442 1726 praefectus,

201 1731 314 1785 masilio
333 1738 395 1784 ante
413 1747 473 1784 mm
489 1729 586 1797 Besso,
604 1729 806 1784 Bactrianorum
823 1739 963 1800 praetore,
982 1730 1064 1798 inito,
1083 1731 1211 1803 speciosis
1229 1731 1320 1785 verbis
1338 1731 1442 1797 suadet,
1558 1783 1566 1792 ,

199 1817 230 1861 ut
238 1805 277 1859 illi
295 1823 345 1877 per
361 1803 473 1876 aliquod
490 1812 594 1876 tempus
612 1807 716 1860 Dareus
734 1806 872 1878 imperium
889 1808 986 1862 cadat
1021 1810 1080 1877 (27)
1099 1807 1160 1861 Rex
1178 1807 1217 1862 ira
1233 1807 1344 1874 exarsit,
1361 1823 1443 1878 aegre

121 1891 122 1894 ’
201 1882 235 1935 ab
252 1882 390 1936 Artabazo
409 1882 545 1954 mitigatus
563 1883 734 1938 tabernaculo
752 1901 782 1938 se
800 1883 914 1938 inclusit.
949 1884 1089 1939 Exercitus
1113 1886 1284 1956 pertentatam
1306 1884 1334 1938 in
1351 1892 1441 1954 partes

201 1957 335 2014 dividiuu.
381 1960 441 2032 (23)
464 1961 564 2014 Bessus
587 1969 616 2014 et
638 1959 825 2029 Nabarzanes,
851 1961 979 2034 quoniam
1004 1961 1093 2034 palam
1116 1961 1254 2017 eonsilium
1271 1960 1369 2033 exequi
1387 1978 1443 2014 non

199 2044 321 2108 possunt,
340 2037 404 2091 dolo
422 2036 504 2110 ag'ere
522 2047 649 2105 stamunt,
664 2055 696 2093 ac
712 2041 771 2109 (29)
789 2037 911 2092 simulata
928 2037 1104 2110 poenitentis,
1114 2037 1242 2093 Artabazi
1260 2056 1344 2110 opera
1361 2037 1442 2091 etiam

200 2131 259 2167 eum
275 2129 350 2184 rege,
368 2115 476 2169 bomine
494 2114 615 2187 simplici,
634 2115 661 2168 in
678 2115 790 2186 gratiam
806 2117 928 2169 redeunt
961 2117 1020 2188 (30)
1038 2115 1100 2180 Qua
1117 2117 1210 2170 fraude
1226 2115 1372 2182 intellecta,
1390 2114 1443 2168 Pa·

140 2191 141 2194 ’
200 2199 276 2258 non,
304 2191 360 2244 dux
383 2189 546 2247 Graecorum
567 2193 801 2260 mercenaricmm
828 2209 920 2264 regem
939 2201 1012 2260 orat,
1038 2201 1070 2246 ut
1091 2193 1210 2265 corporis
1236 2193 1276 2248 sui
1293 2191 1442 2246 mstodiam

159 2337 162 2343 Ι
201 2265 311 2321 Graecis
320 2269 479 2338 committat,
498 2272 558 2341 (31)
575 2287 667 2336 samm
680 2269 794 2338 Dareus,
804 2270 849 2342 qui
866 2272 980 2326 humano
998 2269 1110 2325 consilio
1127 2270 1227 2325 servari
1243 2269 1377 2342 nequiret,
1394 2285 1443 2322 ne·

200 2354 247 2415 gat
269 2359 299 2397 se
316 2361 333 2397 a
349 2345 521 2416 popularibus
543 2345 596 2400 scis
621 2363 792 2401 recessurum
828 2350 887 2418 (32)
904 2347 1018 2414 Bessus,
1041 2345 1093 2400 iam
1110 2355 1197 2402 certus
1215 2345 1320 2402 consilii
1337 2344 1442 2412 uesani,

199 2437 294 2494 regem
308 2429 400 2480 tamen
416 2423 511 2478 fallere
527 2423 626 2495 pergit,
643 2423 762 2496 quamvis
779 2441 872 2495 pamm
888 2424 979 2480 lateat.
1017 2426 1077 2494 (113)
1094 2423 1147 2478 Ille
1164 2421 1344 2491 nibilominus,
1362 2423 1443 2476 etiam

199 2499 329 2556 Arobszi
345 2499 458 2556 consilio
476 2511 586 2573 spreto,
596 2501 648 2556 iam
664 2501 771 2558 relictus
789 2519 806 2556 a
822 2502 949 2576 crstcdiis
960 2499 1034 2556 vmori
1051 2501 1166 2568 mavult,
1184 2519 1264 2573 quam
1280 2500 1384 2556 onicsm
1401 2517 1443 2554 sa·

200 2575 263 2638 lutis
281 2575 526 2648 riamtemptare„
544 2581 603 2648 (114)
621 2579 691 2633 Tum
708 2595 769 2634 eum
784 2581 885 2634 Bessca
902 2577 1090 2649 Bactrianique
1107 2577 1276 2646 deductae
1292 2593 1381 2634 secam
1399 2593 1443 2632 ce·

201 2652 250 2708 leri
267 2655 331 2728 fuga
348 2654 491 2726 abripiunt,
509 2655 682 2727 sequentibus
698 2656 799 2727 Persia,
817 2657 880 2711 dum
898 2655 995 2711 Graeci
1012 2663 1042 2710 et
1057 2654 1386 2710 massanissae
1402 2653 1443 2708 di-

200 2747 279 2784 verso
297 2731 394 2785 itinere
411 2741 515 2802 petunt
738 2767 749 2788 f.
796 2781 799 2786 ,
1433 2753 1437 2758 ’

269 2811 329 2884 (35)
348 2807 505 2862 Alexander
521 2808 605 2864 Tabia
628 2810 663 2863 de
683 2809 802 2880 periculo
819 2809 902 2864 Darei
925 2809 1019 2865 nuntio
1037 2816 1161 2880 eccepto,
1185 2807 1310 2862 celeriter
1326 2807 1445 2879 insequi·

200 2892 254 2953 tur,
272 2884 369 2939 (11111111
386 2885 471 2952 audit,
487 2885 541 2939 iam
557 2896 662 2957 captum
678 2903 737 2942 esse
754 2887 836 2941 illum.
862 2891 922 2958 (36)
939 2886 1007 2941 Aliis
1025 2893 1105 2956 atque
1123 2884 1182 2938 aliis
1199 2884 1343 2956 &andagis
1361 2885 1443 2937 adve-

33 2966 36 2971 '
58 2997 61 3005 r
124 3013 128 3018 .
200 2962 350 3030 mentibus,
372 2962 611 3022 trenorciense
632 2983 690 3020 cam
712 2963 809 3036 exigua
829 2982 937 3018 morsus
953 2981 1037 3018 mauu
1053 2963 1166 3018 Bessum
1190 2962 1348 3033 assequitur.
1383 2964 1444 3031 (31)

199 3039 299 3110 ltaque,
312 3039 356 3094 bie
372 3057 433 3096 carc
445 3040 538 3110 sociia
555 3057 647 3112 regem
663 3041 805 3112 captivam,
821 3047 964 3113 postquam
979 3053 1147 3111 permovere,
1160 3048 1190 3094 ut
1206 3055 1278 3111 equo
1296 3055 1386 3094 secum
1401 3039 1445 3095 tu,

200 3193 485 3250 aa,
525 3118 867 3250 1111111
1356 3135 1444 3171 '⁸0²³‘

202 3247 293 3342 lupam
312 3196 475 3326 incanduit?
484 3213 596 3325 Ἥ11111
613 3235 630 3323 si
646 3214 737 3324 mults:
747 3199 1198 3342 pmdodbbslobmbribusqbbb
1212 3210 1444 3338 mbgluluntrbffl
1545 3343 1551 3355 ‚

201 3346 349 3416 capiuntur.
384 3349 448 3418 (39)Ι
462 3348 517 3402 Vis
539 3348 680 3402 devertens
703 3365 769 3402 unua
785 3349 966 3406 Macedonum
987 3350 1058 3403 forte
1076 3347 1225 3402 vehiculum
1247 3347 1392 3418 conspicit,
1414 3346 1443 3402 in

201 3439 256 3494 quo
273 3422 379 3478 Dareus
397 3424 708 3481 11111111’1111111111··”Ι

33 3653 35 3656 Ι
152 3713 171 3782 1
207 3781 212 3791 ,
262 3779 267 3786 .
305 3639 437 3786 Quae
478 3713 620 3786 interim
659 3711 771 3788 ductu
809 3715 1027 3820 imperioque
1070 3711 1269 3788 Alexandri
1313 3713 1372 3786 vel
1404 3711 1477 3783 1111.

200 3815 356 3914 Graecis,
381 3825 442 3896 vel
468 3823 597 3923 Illyriis
624 3849 665 3897 ac
691 3823 843 3898 Thracia
867 3837 970 3925 gesta
996 3837 1095 3916 sunt,
1122 3826 1152 3897 si
1178 3826 1251 3897 suis
1278 3848 1441 3921 quaeque

206 4005 381 4104 JtLibera’,
400 4011 466 4096 Cap.
483 4033 507 4093 1,
527 4027 550 4093 5.
570 4033 592 4078 1.
628 4028 706 4106 ductu
723 4028 803 4097 irupe-
814 4015 825 4096 ¹,
836 4015 976 4096 verborum
994 4033 1201 4107 perscrutatores
1219 4024 1265 4096 qui
1283 4023 1358 4102 quasi
1370 4021 1443 4094 capi·

199 4093 478 4214 111111
837 4091 1440 4231 11111111

199 4177 304 4309 {Ibem
321 4228 467 4310 Alexandri
494 4229 573 4283 etiam
594 4229 667 4284 illum
684 4182 802 4312 appeff:
838 4243 894 4286 tc‘m
925 4207 1100 4286 Fabii'duelu
1127 4179 1440 4312 crispiaitslgsgnelltornssi

199 4306 277 4377 vent,
294 4315 355 4352 eum
372 4299 421 4352 sub
439 4314 494 4351 erus
513 4297 603 4369 procul
621 4300 736 4354 absentis
755 4319 802 4362 au·
836 4301 1068 4368 mememoratur,
1088 4299 1132 4371 qui
1150 4309 1270 4353 vicerunt
1282 4296 1320 4350 1111
1334 4297 1439 4377 quidem

200 4365 285 4437 apicius
317 4365 369 4420 alio
390 4368 470 4434 duce,
497 4368 642 4439 Antipatro
668 4369 800 4436 nimirum,
836 4372 919 4425 ductu
936 4370 1011 4432 illius,
1029 4371 1075 4423 sed
1088 4367 1208 4439 auspiciis
1217 4366 1361 4421 dictatoris.
1379 4366 1441 4418 Alsa

199 4449 243 4488 res
265 4443 357 4505 gestae
377 4443 449 4490 aunt.
483 4435 538 4488 Sed
560 4435 636 4488 nimis
652 4453 725 4491 acres
742 4447 805 4491 suut
839 4455 881 4492 res
899 4447 955 4507 est,
971 4439 1016 4494 ubi
1033 4456 1075 4494 res
1092 4445 1182 4511 gestae
1198 4454 1252 4491 non
1269 4435 1441 4508 comprehen-
