3260 5042
566 745 613 849 Q.
652 744 881 830 curru
920 744 1076 828 surr

796 949 845 1000 De

699 1104 952 1175 GESTIS

316 1301 928 1441 ALEXANDRI
983 1319 1319 1440 MAGNI

605 1561 731 1618 neers
756 1561 1043 1632 ulcerosum

720 1747 863 1814 LIBER
880 1749 942 1814 IV.

661 2217 984 2312 nsuuusurmr.
1019 2187 1023 2196 ’

274 2463 317 2534 (l)
335 2461 437 2516 Dareus
454 2461 488 2514 ad
506 2460 590 2515 lssum
607 2461 701 2527 rictus,
720 2459 836 2514 collectis
854 2459 987 2530 copiarum
1005 2459 1132 2532 reliquiis,
1149 2460 1309 2531 Euphraten
1327 2471 1449 2534 superat:

202 2538 356 2593 Alexander
371 2537 545 2592 Parmenione
563 2536 727 2606 coelesyriae
746 2535 893 2606 praesidere
911 2535 992 2601 iusso,
1010 2535 1173 2592 Phoenicum
1191 2539 1270 2592 urbes
1282 2541 1403 2592 Aradum
1419 2549 1451 2592 et

201 2615 354 2669 Marathum
371 2614 398 2667 in
416 2614 576 2668 deditionem
597 2614 698 2684 accipit
743 2615 786 2682 (t)
811 2613 856 2666 Ad
874 2612 1027 2666 Marathum
1053 2625 1142 2668 eastra
1167 2615 1277 2670 habenti
1299 2615 1451 2669 afferuntur

201 2691 283 2745 Darei
300 2691 404 2745 litterae
421 2691 455 2743 de
471 2690 610 2744 reddendis
627 2689 736 2760 captivis
753 2687 931 2760 societatesque
948 2690 1083 2759 jungenda
1102 2694 1215 2762 superbe
1226 2692 1352 2764 scriptae.
1377 2691 1450 2756 Qui-

202 2769 252 2821 bus
268 2769 409 2838 respondet
423 2765 576 2820 Alexander
589 2765 735 2836 magnifiee,
761 2764 860 2818 crimen
877 2765 942 2818 belli
959 2765 1056 2818 iniuste
1073 2768 1163 2838 coepti
1182 2769 1209 2820 in
1227 2767 1302 2821 illum
1319 2766 1449 2820 reiiciens.

204 2847 245 2910 (8)
263 2841 420 2896 Procedenti
438 2841 533 2894 deinde
550 2841 650 2910 Byblus
664 2840 783 2893 etSidon
801 2842 951 2894 traduntur.
969 2841 1056 2896 Huius
1073 2844 1180 2912 quidem
1199 2843 1271 2897 urbis
1288 2859 1338 2896 rex
1355 2842 1451 2896 Strato

202 2918 335 2989 dignitato
351 2935 380 2973 se
397 2918 518 2972 abdicare
536 2917 649 2984 iubetur,
667 2934 720 2987 qua
736 2933 812 2970 nemo
830 2915 892 2987 ipsis
909 2916 1025 2971 Sidoniis
1042 2917 1148 2988 dignior
1164 2919 1281 2987 videtur,
1298 2937 1378 2990 quarn
1391 2919 1451 2971 Ab·

204 2994 351 3050 dalonimus
367 2994 482 3067 quidam,
500 3010 600 3064 pauper
616 2994 662 3047 sed
680 3009 695 3044 e
711 2991 785 3062 regio
802 3009 907 3062 genere.
934 2997 975 3060 (t)
993 2993 1030 3060 ls,
1048 2993 1094 3046 diu
1111 3003 1262 3062 eructatus,
1280 3011 1371 3066 regem
1388 3003 1451 3046 tan-

204 3071 264 3124 dem
281 3088 309 3125 se
326 3069 471 3125 mnuntiari
488 3071 601 3140 petitur,
619 3078 647 3122 et
664 3070 698 3123 ab
715 3069 772 3140 ipso
789 3068 944 3123 Alexandro
961 3070 1106 3124 modestiae
1124 3081 1153 3124 et
1170 3071 1352 3126 continentiae
1370 3087 1451 3124 eausa

203 3155 321 3202 ornatur.

273 3228 313 3291 (5)
331 3223 437 3276 interea
454 3224 583 3292 Amyntas
601 3223 737 3290 transfuga
754 3217 932 3273 cumGraecis
949 3222 1116 3276 mercenariis
1134 3233 1195 3295 post
1212 3221 1450 3295 pugnamlssirarn

205 3299 308 3370 Tripoli
326 3298 451 3369 Cyprum,
469 3299 530 3351 indc
547 3299 573 3351 in
591 3301 741 3368 Aegyptum
760 3295 949 3362 transmiserat,
968 3313 1025 3349 eam
1043 3307 1143 3351 terrem
1160 3299 1210 3352 sibi
1228 3315 1357 3371 occupare
1374 3297 1449 3350 lesti-

203 3393 277 3430 nuns.
312 3374 366 3428 Sed
383 3393 442 3428 cum
459 3373 535 3429 initio
552 3392 592 3428 res
610 3390 733 3444 prospere
749 3371 913 3438 cecidissent,
932 3391 994 3425 mox
1011 3375 1157 3444 Memphim
1174 3376 1299 3429 obsidens
1316 3392 1370 3428 une
1387 3392 1449 3428 cum

203 3451 256 3504 suis
274 3469 290 3503 a
307 3451 438 3520 praesecto
456 3451 537 3504 Darei
555 3467 643 3504 caesus
660 3459 709 3502 est.
740 3451 782 3517 (6)
800 3447 855 3500 Res
872 3448 900 3500 in
917 3448 982 3501 Asia
998 3449 1099 3502 minore
1116 3468 1131 3503 a
1148 3453 1316 3522 praetoribus
1334 3451 1449 3505 Persicis

203 3526 341 3580 intelieiter
359 3526 474 3596 geritur,
496 3526 583 3579 classis
600 3543 662 3578 vero
679 3525 819 3577 Persarum
838 3525 959 3578 Andrum
977 3524 1160 3596 Siphnumque
1178 3528 1276 3582 insulas
1294 3537 1384 3594 tenet,
1402 3545 1448 3580 su-

204 3601 302 3674 spensis
321 3601 480 3656 Graecorum
498 3611 526 3654 et
544 3601 708 3654 Cretensium
725 3600 817 3654 animis
835 3599 869 3652 ad
886 3609 1011 3652 eventum
1030 3602 1133 3656 maioris
1151 3604 1224 3657 belli.

273 3679 316 3747 (7)
335 3677 418 3746 Tyrii,
435 3677 624 3748 opulentissimi
635 3676 803 3742 Phoenicum,
821 3675 1003 3730 Alexandrum
1013 3677 1122 3730 Herculi
1137 3679 1355 3746 sacrificaturum,
1374 3681 1448 3734 intra

202 3753 305 3809 moenis
322 3753 437 3823 recipere
454 3761 584 3818 recusant,
602 3761 630 3805 et
647 3751 808 3805 obsidionem
826 3753 894 3804 ferre
912 3753 1027 3818 malunt,
1047 3755 1090 3822 (8)
1108 3771 1125 3806 s
1141 3755 1288 3810 continenti
1306 3757 1372 3809 satis
1390 3756 1447 3810 lato

202 3833 271 3884 lrete
288 3830 417 3900 derempti
434 3837 463 3882 et
481 3829 735 3899 Carthaginiensium
753 3827 852 3880 auxilio
869 3827 939 3880 freti.
965 3832 1005 3894 (9)
1024 3829 1094 3881 Belli
1112 3841 1269 3900 apparatum
1288 3833 1447 3904 expediunt,

202 3905 332 3961 ominibus
348 3905 503 3976 ancipitibus
521 3906 723 3969 confirmantur,
751 3905 936 3957 caduceatores
954 3904 1035 3958 etiam
1053 3914 1147 3958 eontra
1165 3907 1204 3960 ius
1223 3909 1344 3978 gentium
1362 3909 1447 3961 inter-

202 3980 302 4036 ficiunt
319 3987 376 4048 (10)
395 3983 466 4036 Urbs
484 3982 565 4051 igitur
582 3979 727 4050 oppugnari
745 3989 839 4048 coepta
855 3987 906 4043 est,
925 3979 1049 4046 (extremo
1067 4000 1137 4035 enno
1155 3994 1216 4036 onte
1237 3985 1301 4037 Chr.
1313 3989 1445 4050 natm)

202 4057 293 4125 moles,
311 4075 378 4128 quae
395 4057 506 4110 insulam
524 4056 667 4109 continenti
685 4056 854 4123 adiungeret,
873 4053 976 4108 iacitur.
1012 4063 1069 4122 (ιι)
1089 4057 1120 4109 ld
1139 4077 1215 4128 opus,
1234 4078 1287 4131 quc
1305 4060 1411 4131 longius
1428 4077 1446 4113 a

180 4134 183 4141 '
202 4134 280 4188 litore
297 4133 415 4198 ducitur,
442 4149 474 4185 eo
496 4132 622 4184 difficilius
645 4132 683 4182 fit.
727 4131 861 4184 Adversus
879 4131 1037 4183 incessentes
1056 4132 1152 4201 Tyrios
1170 4135 1243 4188 eon'a
1260 4138 1447 4190 obtenduntur

124 4263 126 4268 ,
202 4210 389 4275 munientibus,
408 4218 493 4260 turres
511 4207 667 4260 exciuntur.
712 4205 771 4274 lpsc
789 4223 845 4271 rex,
872 4205 952 4274 copiis
970 4204 1067 4270 divisis,
1095 4220 1214 4277 agrestes
1232 4213 1336 4266 Ambus
1353 4213 1381 4265 in
1394 4205 1446 4265 iri-

203 4288 273 4340 bano
290 4284 468 4350 (Antilibano)
487 4291 577 4334 monte
594 4281 754 4351 mgreditur.
808 4285 866 4346 (12)
904 4282 1008 4333 Interes
1028 4282 1113 4348 Tyrii,
1141 4303 1208 4338 nave
1225 4287 1347 4340 oneraria
1364 4288 1445 4342 aridis

202 4360 341 4418 sarmentis
358 4359 465 4430 aliislue
483 4360 560 4411 rebus
578 4358 632 4427 igni
654 4357 800 4427 spargendo
817 4356 916 4410 idoneis
938 4358 1035 4410 referta
1061 4368 1089 4411 et
1115 4362 1148 4412 ad
1176 4363 1273 4416 molem
1299 4363 1444 4435 compulsa,
