3330 5050
381 322 415 385 e.
430 321 554 374 contu
573 323 657 374 uurr
676 324 725 376 na
745 322 871 376 casnm
891 323 999 375 anax.
1022 321 1106 374 aaa.
1121 320 1219 373 meru
1236 321 1285 372 1x.
1373 297 1446 370 427

212 500 309 555 milites
328 501 408 554 duces
427 519 489 557 sues
508 503 642 560 inurentes
660 502 833 576 pertinaciter
849 501 972 567 silerent,
998 515 1098 571 rexque
1121 500 1161 553 ira
1179 507 1207 554 et
1224 499 1318 553 delere
1335 499 1449 551 exarde-

213 595 302 644 scens,
326 579 411 633 solum
430 580 511 652 igitar
528 599 557 635 se
576 582 674 635 itunuu
691 578 888 643 continuasset,
912 577 1033 631 lacrimae
1052 576 1174 630 omuibus
1192 577 1276 630 fluere
1293 583 1448 645 coeperunt,

212 672 262 710 nec
278 655 336 726 ipse
353 674 403 711 rex
421 657 503 712 ourlis
521 667 671 726 temperare
690 654 784 725 potuit
820 659 878 720 (12)
902 654 971 707 Τυιιι
990 655 1097 709 Coenus
1115 670 1165 724 pro
1183 653 1303 707 exercitu
1322 651 1401 716 dicit,
1419 667 1449 705 se

213 741 321 802 paratos
339 734 445 805 quidem
464 749 523 786 asse
541 732 616 804 sequi
635 747 794 802 quocunque
812 731 942 798 volucrit,
966 733 1014 783 sed
1032 729 1232 801 amplitudinem
1250 729 1307 783 eius
1325 727 1450 784 consilio·

214 829 270 863 rum
288 829 343 864 non
361 827 469 881 capere,
491 809 634 861 exhaustos
654 807 716 878 ipsis
734 807 866 862 victoriis:
888 824 967 878 posse
984 823 1074 876 regem
1093 807 1127 859 ad
1146 805 1281 860 Oceanum
1300 821 1348 875 per
1365 805 1449 858 terras

214 888 248 940 ad
268 887 410 940 Meridiem
435 893 576 954 vergentes
604 895 760 956 penetrare,
788 885 809 938 si
833 883 907 936 illum
931 893 1062 953 temptare
1086 883 1184 953 cupiat.
1220 887 1279 950 (13)
1309 881 1399 935 Ceteri
1422 889 1451 933 ct

214 965 296 1016 duces
314 973 343 1016 et
359 961 456 1014 milites
474 960 568 1016 Coeno
587 963 688 1015 assensi
710 977 801 1031 regem
823 960 946 1031 precibus
965 970 1072 1030 urgent,
1100 959 1195 1030 quibus
1213 960 1297 1013 victus
1316 959 1350 1010 de
1367 958 1450 1011 tribu·

214 1040 268 1094 nali
286 1037 401 1104 desiluit,
420 1045 448 1088 et
466 1053 525 1090 curn
542 1056 591 1110 per
609 1039 718 1090 biduum
736 1037 763 1089 in
782 1036 856 1106 regia
873 1036 987 1089 inclusus
1005 1036 1091 1089 dolori
1108 1051 1138 1088 se
1155 1036 1282 1102 dedisset,
1307 1033 1387 1089 tertio
1405 1035 1450 1087 die

214 1125 244 1168 ut
264 1114 310 1167 ille
332 1113 392 1168 linis
416 1115 596 1185 expeditionis
621 1113 729 1167 Indicae
755 1113 911 1180 haberetur,
939 1113 991 1169 aris
1017 1111 1126 1184 positis,
1152 1113 1292 1167 concessit
1329 1113 1395 1165 Inde
1415 1112 1451 1164 ad

214 1190 355 1246 Acesinem
373 1193 464 1262 (eapite
481 1201 613 1260 superato,
632 1193 656 1243 si
667 1189 753 1256 fidem
770 1191 896 1243 historice
913 1192 987 1260 sequi
1004 1193 1128 1254 eolmnus,
1146 1192 1222 1243 dium
1240 1193 1278 1245 ed
1294 1191 1451 1258 Hydaspen)

215 1275 244 1320 et
261 1267 373 1320 classem
390 1267 417 1320 iu
435 1285 468 1322 eo
485 1275 663 1320 constructam
680 1265 829 1319 revertitur.
865 1265 1063 1337 supplementis
1084 1266 1196 1320 militum
1215 1266 1296 1320 domo
1313 1265 1451 1318 missorum

215 1351 319 1411 auctus,
344 1343 417 1397 Poro
441 1351 471 1396 et
494 1342 591 1396 Taxile
616 1342 724 1412 regibus
747 1341 817 1395 inter
839 1359 868 1396 se
896 1343 1086 1409 reconciliatis,
1113 1343 1276 1416 urbibusque
1301 1343 1403 1396 Nicaea
1424 1349 1453 1394 et

214 1419 368 1492 Bucephala
385 1418 529 1486 absolutis,
552 1427 730 1488 campartem
752 1419 883 1474 excretus
910 1417 938 1470 in
961 1435 1041 1473 naves
1067 1420 1249 1492 imposuisset,
1277 1428 1305 1475 et
1321 1417 1452 1488 reliquum

215 1515 310 1568 Quen
328 1497 356 1552 in
373 1505 484 1564 utraque
502 1493 561 1566 ripa
577 1494 708 1566 proficisci
725 1495 855 1564 iussisset,
873 1499 993 1551 secundo
1006 1513 1083 1551 mune
1096 1496 1222 1568 navigat-s
1235 1497 1332 1567 coepit,
1351 1502 1452 1562 decun-

215 1577 276 1628 dum
294 1574 448 1627 Strabonem
466 1583 572 1640 amate
583 1573 646 1642 sere
663 1590 750 1626 mersae
770 1573 876 1626 Octobri
891 1590 918 1626 a.
927 1591 952 1626 u.
965 1573 1028 1628 Otr.
1037 1586 1091 1628 nat.
1100 1579 1174 1646 326).

284 1654 342 1718 (14)
366 1648 446 1704 Circa
467 1649 632 1703 confluentes
655 1649 791 1722 Hydaspis
814 1657 843 1704 et
864 1649 987 1704 Acesinis
1010 1651 1037 1705 in
1058 1651 1123 1704 fines
1146 1650 1271 1705 Srbeurm
1294 1646 1451 1714 decucurrit,

215 1725 278 1781 iude
297 1727 332 1778 ad
349 1726 428 1780 aliam
445 1733 554 1796 gentem
572 1727 816 1796 (Agalasseisirnn,
837 1729 957 1781 Diodoro
975 1735 1046 1793 teste)
1064 1727 1151 1796 seuit,
1174 1726 1247 1782 cuius
1265 1728 1357 1798 fugate
1375 1739 1454 1778 eser·

216 1801 270 1856 citu
288 1803 396 1871 urbem,
424 1808 505 1872 caput
521 1801 654 1872 regionis,
681 1802 796 1857 obsedit
830 1803 899 1857 Eam
922 1803 971 1876 ipsi
994 1805 1098 1860 incolae
1120 1804 1243 1859 incendio
1266 1804 1372 1870 delent,
1398 1800 1453 1854 arci

215 1887 326 1951 prepter
338 1879 417 1933 sitnm
431 1885 612 1950 opportunum
621 1878 776 1933 Alexander
792 1879 954 1950 praesidium
971 1881 1091 1954 imponit.
1129 1884 1189 1952 (15)
1208 1880 1242 1934 Ιιι
1259 1877 1453 1935 confluentibus

215 1955 295 2009 bium
311 1955 457 2022 fluminum,
476 1954 538 2008 Indi
555 1963 585 2009 et
593 1954 730 2026 Hydaspis
744 1971 803 2010 urm
812 1956 927 2010 Acerina
944 1957 997 2012 iam
1015 1958 1168 2026 coniuncti,
1178 1957 1270 2012 classis
1287 1954 1454 2026 naufragium

216 2033 292 2100 taut,
318 2041 348 2087 et
367 2032 450 2104 ipsius
471 2033 543 2104 regis
565 2032 640 2087 navis
666 2049 745 2103 segre
770 2033 915 2088 roffimbus
940 2035 1056 2107 eripitur.
1092 2037 1202 2104 (Verum
1220 2039 1267 2088 tec
1283 2034 1454 2104 neufreglwn

215 2111 352 2164 Atrianus
369 2113 499 2165 accidisse
521 2113 603 2164 trudit
625 2111 654 2163 iu
677 2111 865 2180 confluentibus
883 2111 1021 2183 Hydaspis
1039 2124 1063 2168 et
1081 2113 1217 2178 Acesinis,
1240 2112 1351 2182 quindei
1367 2125 1454 2164 neuen

215 2195 264 2254 est,
280 2187 320 2240 uti
336 2203 400 2240 suae
417 2190 527 2251 videtur,
548 2187 747 2256 Oxydracerrun
764 2197 789 2242 et
802 2187 948 2243 Matonem
965 2194 1030 2246 suras
1047 2193 1123 2260 longe
1139 2189 1210 2242 elius
1217 2189 1264 2256 fit,
1283 2188 1454 2256 deficietque

216 2263 334 2317 munitm
352 2265 463 2318 Atesim
493 2273 516 2317 et
533 2264 666 2333 Hyurett)
709 2264 769 2332 (tet
792 2263 860 2317 Inda
883 2262 910 2317 in
929 2264 1130 2337 Oxydracarum
1147 2265 1344 2334 Mallorumque
1365 2261 1454 2332 regio-

215 2355 278 2394 nem
293 2340 425 2410 perrenit,
444 2357 555 2412 quarum
572 2340 691 2410 gentium
708 2340 868 2396 coniunctae
884 2341 977 2412 copiae
994 2344 1130 2414 ingentem
1145 2339 1453 2394 exercitumeffccerant

216 2415 312 2486 Itaque
321 2415 499 2471 Macedonum
517 2416 618 2470 animos
636 2418 807 2488 permrbntos
825 2435 873 2472 rex
891 2428 1013 2474 oratione
1032 2420 1123 2474 habita
1140 2418 1287 2473 confirmat.
1315 2421 1372 2484 (17)
1391 2415 1452 2480 Quo

217 2493 288 2547 facte
312 2509 371 2547 cam
395 2494 511 2548 alacrem
532 2493 680 2548 exereitum
704 2495 830 2548 adversm
853 2493 1009 2565 Oxydracas
1031 2497 1164 2564 duxisset,
1190 2492 1296 2550 barbati
1319 2509 1373 2545 non
1397 2490 1453 2544 ausi

217 2568 350 2641 proelium
366 2569 434 2624 inire
451 2572 515 2639 suga
533 2571 728 2640 disperguntur.
764 2570 824 2638 (18)
843 2571 943 2625 Bonum
961 2577 1023 2636 (sire
1040 2575 1185 2628 Mullorum
1199 2573 1299 2642 petius)
1317 2567 1454 2639 oppidum,

218 2645 245 2700 in
263 2648 337 2718 quod
354 2647 474 2719 plerique
492 2647 682 2717 confugerant,
700 2647 869 2716 Alexander,
889 2649 1065 2721 nequicquam
1083 2648 1224 2704 deterritus
1241 2666 1258 2702 a
1274 2655 1349 2711 rate,
1367 2643 1454 2697 adcri-

218 2730 275 2789 tur,
299 2740 412 2795 cumque
430 2723 529 2794 primus
551 2723 579 2777 in
596 2741 699 2777 murum
716 2722 845 2778 eruisset
862 2732 891 2778 et
907 2724 1103 2801 insequentium
1118 2727 1231 2780 militurn
1249 2724 1348 2794 impetu
1366 2721 1454 2775 scalae

217 2799 316 2853 badae
333 2809 431 2866 essent,
448 2800 508 2868 ’(19)
527 2799 675 2854 admirabili
693 2799 844 2853 temeritate
862 2801 889 2854 in
907 2803 999 2856 urbem
1018 2803 1117 2871 desilit,
1136 2805 1281 2873 hostesque
1291 2799 1453 2868 ingruentes,

214 2891 332 2947 corpore
349 2879 384 2930 sd
401 2880 522 2932 arborem
540 2877 679 2949 applicato,
696 2875 831 2947 propellit.
867 2878 927 2946 (2ο)
945 2879 1054 2934 Eurinus
1072 2879 1132 2933 telis
1150 2879 1249 2951 petitus
1267 2886 1295 2931 et
1312 2875 1455 2930 convulne-

218 2960 308 3021 ratus,
334 2953 363 3008 in
389 2971 476 3026 genua
497 2956 677 3025 procumbens
703 2971 820 3024 pugnam
845 2961 934 3008 tamen
962 2974 1017 3011 nou
1038 2957 1148 3013 omittit.
1182 2957 1241 3025 (21)
1263 2955 1304 3008 Ec
1328 2951 1455 3023 temporis

218 3038 354 3084 momento
371 3030 449 3102 pauci
466 3047 501 3085 ex
519 3029 656 3102 armigeris
673 3028 793 3084 subsidio
810 3029 936 3098 veniunt,
960 3034 1008 3086 sed
1027 3049 1106 3105 aegre
1128 3049 1158 3087 se
1175 3047 1319 3103 regemque
1337 3037 1454 3094 tuentur,

221 3106 308 3159 donec
331 3108 464 3163 exercitus
487 3108 558 3161 lama
579 3107 649 3179 regis
672 3105 753 3162 occisi
776 3106 900 3162 efferatus
926 3108 953 3162 in
976 3111 1069 3163 urbem
1092 3108 1226 3179 inrumpit,
1253 3109 1397 3176 hostesque
1420 3106 1455 3158 ad

220 3181 431 3238 internecionem
449 3184 544 3238 caedit
580 3186 639 3253 (22)
657 3184 813 3238 Alexander
830 3201 890 3237 cum
906 3203 1004 3256 magno
1022 3197 1051 3240 et
1068 3185 1149 3257 ipsius
1168 3185 1285 3256 periculo
1300 3193 1328 3237 et
1345 3183 1455 3235 militum

220 3277 341 3314 maerere
359 3271 473 3316 curetur.
509 3264 568 3331 (23)
590 3261 718 3315 Nondum
740 3270 879 3331 percurato
898 3263 1008 3316 vulnere
1027 3264 1099 3317 lento
1118 3279 1194 3316 eursu
1212 3260 1338 3330 aurigare
1360 3258 1454 3329 pergit

221 3340 280 3407 (24)
299 3336 425 3392 Crateuas
444 3339 479 3390 ad
496 3354 556 3390 eum
574 3353 663 3408 preces
682 3336 827 3390 amicorum
844 3338 942 3405 desert,
961 3350 990 3392 ut
1007 3339 1084 3393 saluti
1103 3355 1167 3391 suae
1185 3353 1293 3408 parcere
1310 3353 1361 3390 neu
1375 3336 1455 3389 vitum

221 3411 250 3466 in
265 3413 362 3484 pugnis
379 3413 543 3486 ignobilibus
560 3415 675 3484 prodere
693 3412 766 3466 velit
801 3415 856 3483 (25.
875 3420 920 3481 stt)
939 3415 1098 3486 Respondet
1116 3415 1140 3468 ei
1163 3431 1213 3468 rex
1235 3415 1317 3484 longa
1334 3423 1363 3467 et
1379 3431 1455 3466 acen-

221 3497 281 3543 rata
296 3490 432 3558 cratium,
458 3507 488 3544 sc
505 3489 633 3561 pietatem
650 3491 759 3562 quidem
776 3489 881 3545 illerum
903 3499 931 3546 et
951 3509 1097 3563 agnoscere
1119 3501 1147 3545 et
1169 3492 1291 3554 laudare,
1318 3490 1365 3561 aed
1382 3507 1456 3543 susm

220 3564 302 3619 vitam
319 3585 374 3621 non
392 3565 565 3621 diuturnitate
583 3567 631 3620 sed
649 3566 736 3638 gloria
754 3565 911 3620 aestimare:
935 3586 985 3639 pro
1008 3585 1041 3621 ea
1058 3568 1158 3622 nullum
1176 3567 1223 3622 sibi
1247 3566 1364 3621 laborem
1382 3583 1456 3620 recu-

221 3643 331 3697 sandum
348 3659 426 3697 esse:
453 3643 492 3698 illi
509 3651 677 3714 praestarent
693 3644 789 3711 mode,
816 3651 846 3696 ut
864 3643 897 3696 ab
922 3644 1048 3699 intestino
1071 3645 1172 3700 scelere
1190 3650 1359 3713 mutuasset
1395 3644 1455 3712 (27)

220 3717 331 3772 Interim
350 3719 446 3774 Graeci
463 3719 573 3784 milites,
599 3720 627 3773 in
645 3719 764 3774 colonias
782 3719 852 3773 circa
869 3720 967 3774 Bactra
984 3721 1103 3788 deducti,
1128 3722 1195 3775 duee
1213 3720 1312 3775 Bicune
1331 3721 1455 3790 quodam,

222 3795 389 3864 defecemnt,
413 3805 443 3850 et
463 3796 492 3850 in
514 3794 626 3867 patriam
650 3795 746 3849 reverti
770 3805 928 3866 coeperunt
963 3801 1022 3867 (28)
1047 3797 1207 3868 Oxydrauae
1224 3797 1352 3868 Mallique
1370 3795 1455 3848 missis

221 3871 317 3942 legatis
335 3889 395 3926 sese
413 3873 527 3939 dedunt,
549 3881 578 3924 et
594 3871 723 3944 imperata
741 3871 850 3926 faciunt.
886 3873 947 3937 Qua
965 3891 993 3926 re
1017 3873 1101 3927 laetus
1120 3891 1168 3928 rex
1187 3875 1290 3929 celebre
1308 3873 1456 3928 convivium

222 3948 349 4016 instituit,
374 3951 433 4019 (29)
458 3950 485 4002 in
508 3967 562 4019 quo
586 3965 645 4022 cum
663 3947 814 4020 Dioxippus
834 3949 908 4019 pugil
926 3950 1096 4004 Atheniensis
1119 3953 1153 4006 ab
1172 3952 1290 4005 Horrata
1306 3949 1455 4003 Macedone

222 4025 442 4098 (αἱὶίΚόρῥαγον
459 4033 562 4090 uocant)
580 4025 740 4093 eluderetur,
759 4025 886 4094 singulari
904 4027 1046 4080 certamine
1064 4027 1208 4082 constituto
1225 4027 1291 4079 vicit
1307 4026 1389 4096 pugil,
1407 4027 1455 4078 secl

222 4099 277 4155 nen
294 4102 378 4156 multo
396 4111 459 4172 pest
475 4103 509 4156 ab
528 4101 637 4156 inimicis
657 4102 724 4156 falso
743 4101 852 4156 cmndne
875 4102 974 4173 petitus
997 4113 1025 4156 et
1043 4103 1151 4157 infamia
1169 4112 1276 4158 notatus
1295 4111 1380 4154 semet
1398 4103 1454 4172 ipsu

222 4177 363 4232 interemit.
400 4181 458 4248 (³0)
476 4178 544 4232 Inde
563 4179 695 4234 excretus
714 4188 742 4232 et
759 4177 870 4233 navibus
889 4189 981 4234 vectus
999 4189 1026 4236 et
1043 4181 1157 4252 pedibus
1176 4179 1302 4234 incedens
1320 4193 1368 4248 per
1386 4177 1456 4232 Mal-

221 4255 263 4308 les
281 4255 316 4306 ad
333 4253 461 4310 Sabarcas
480 4256 626 4325 (Diedmus
646 4255 800 4322 Semiusta-t
818 4264 902 4321 vocet)
920 4255 1007 4322 venit,
1034 4275 1101 4328 quae
1120 4271 1186 4327 gens
1209 4255 1310 4326 ingenti
1329 4253 1455 4310 Maccdo-

222 4349 284 4385 uum
302 4340 432 4402 apparatu
456 4331 577 4402 perculsa
597 4347 657 4385 aeae
675 4331 787 4386 dedidit.
821 4336 881 4401 (st)
904 4331 992 4386 Etiam
1019 4333 1053 4386 ad
1075 4351 1154 4404 quam
1178 4331 1304 4403 deinceps
1327 4342 1456 4386 venerunt

221 4417 329 4480 gentem
346 4408 408 4462 fidei
431 4405 540 4462 victoris
558 4424 587 4460 se
604 4407 737 4478 permisit,
763 4407 792 4462 in
817 4407 890 4464 cuius
915 4409 1011 4462 finibus
1029 4408 1194 4474 Alexandria
1214 4409 1323 4464 condita
1342 4419 1385 4462 est
1406 4412 1456 4478 (ud
