3324 5054
207 303 256 388 98
679 314 712 376 o
742 295 867 367 cuiru
891 315 977 368 eurr

207 505 294 588 eret,
319 518 466 572 manure
492 499 634 598 longius
660 501 786 598 coepit,
812 511 850 575 et
875 502 1018 590 vulnus,
1032 497 1130 595 quod
1156 509 1305 596 stupens
1331 497 1450 572 adhuc

206 607 368 682 dolorem
399 635 473 685 non
497 620 676 701 moverat,
708 612 861 709 frigente
893 611 1065 705 sunguine
1090 610 1269 682 intumuit.
1322 608 1452 706 Linqui
1467 627 1505 674 20

207 717 338 796 deinde
362 724 493 812 urrimo,
520 732 558 795 et
583 721 743 794 submitti
776 743 872 816 genu
899 718 1032 812 coepit:
1068 742 1175 812 quem
1207 720 1362 814 proximi
1388 745 1450 792 ex-

207 841 352 930 ceptum
382 837 419 908 in
454 845 574 906 castre
608 839 827 924 receperunt.
880 823 929 898 Et
953 823 1052 898 Betis
1085 826 1313 898 interfectum
1349 839 1449 900 ratus

206 942 335 1018 urbem
362 967 475 1018 ovuns
503 939 653 1011 victoria
678 939 818 1034 repetit.

117 1139 120 1146 y
157 1052 205 1125 28
310 1055 362 1126 At
395 1047 620 1136 Alexander,
660 1046 819 1120 nondum
854 1057 1045 1146 percurato
1071 1048 1236 1138 vulnere,
1271 1068 1505 1146 suggeremus

207 1188 279 1259 quo
310 1160 492 1234 moenium
525 1155 750 1231 altitudinem
784 1169 975 1256 aequaret,
1010 1156 1191 1246 extruxit,
1218 1159 1452 1257 pluribusque

207 1271 378 1343 cuniculis
412 1293 535 1341 muros
569 1269 692 1342 subrui
725 1271 838 1343 iussit.
891 1266 1072 1368 Oppidum
1104 1265 1153 1340 ud
1184 1267 1375 1364 pristinum
1400 1272 1450 1342 fs·
1468 1290 1505 1338 su

207 1381 352 1480 eligium
376 1381 558 1454 moenium
582 1407 718 1455 novum
743 1394 938 1456 extruxere
963 1380 1233 1468 munimentum,
1250 1376 1316 1451 sed
1341 1403 1387 1451 ne
1413 1381 1453 1452 id

82 1569 109 1584 ‚.
209 1491 353 1588 quidem
383 1505 501 1565 turres
534 1493 656 1588 aggeri
698 1493 882 1590 impositus
916 1500 1061 1590 poterut
1099 1514 1263 1585 aequure.
1324 1487 1452 1587 Itaque

206 1593 378 1678 interiore
412 1626 555 1699 quoque
587 1601 685 1674 urbis
716 1601 846 1674 infesta
877 1602 959 1674 telis
993 1609 1108 1673 crunt.
1169 1597 1305 1670 Ultima
1337 1602 1451 1697 pestis
1468 1620 1506 1670 ss

207 1714 306 1786 urbis
327 1713 401 1798 ,brit
426 1711 589 1784 cuniculo
616 1711 786 1784 subrutus
812 1736 947 1801 murus,
972 1735 1038 1808 per
1063 1709 1164 1781 cuius
1189 1708 1311 1782 ruinas
1336 1709 1452 1784 hostis

113 1867 117 1873 ·
207 1821 364 1896 intravit.
415 1819 584 1894 Ducebat
607 1821 684 1917 ipse
709 1845 776 1894 rex
801 1821 1071 1918 antesignanos,
1097 1833 1136 1892 et
1162 1817 1249 1892 dum
1273 1819 1452 1894 incautius

208 1931 321 2024 subit,
354 1957 443 2006 sexo
471 1957 553 2005 crus
580 1930 654 2004 eius
686 1931 864 2029 affligitur.
916 1929 1065 2012 Innixus
1091 1939 1213 2003 tumen
1239 1929 1328 2020 telo,
1362 1955 1452 2006 non·
1469 1951 1508 2000 se

208 2161 355 2218 scriberent
376 2167 466 2220 lctiun
496 2163 605 2218 Medius
622 2163 717 2216 ddnde
733 2163 811 2218 eiecit
846 2165 1089 2234 Submittitgenuu
1109 2179 1144 2216 ex
1161 2163 1244 2234 guel
1331 2170 1375 2217 tus
1391 2181 1453 2218 cum

208 2231 290 2284 verbs
306 2231 372 2286 bueo
387 2235 439 2302 quo
456 2240 570 2286 retentus
588 2241 658 2299 erut,
675 2235 817 2302 tamquam
845 2247 973 2286 sessorem
993 2230 1103 2303 recipit,
1127 2239 1157 2284 et
1179 2247 1207 2284 se
1228 2250 1260 2285 su
1302 2233 1355 2284 ittit
1377 2231 1453 2299 (vide

208 2299 434 2370 interpretationis
452 2317 532 2381 ceusu
547 2299 811 2381 siquodpneeessit
846 2299 971 2380 Curtium
978 2314 1043 2380 ym,
1058 2299 1210 2379 tocullvr,
1222 2305 1266 2380 lt.)
1284 2307 1313 2353 et
1321 2301 1452 2353 submitte*-

208 2385 368 2490 eccs
383 2369 645 2490 ’mulmis
660 2377 812 2490 seete
845 2377 960 2504 set
977 2367 1373 2517 tetenstete
1389 2385 1453 2490 es

208 2521 273 2558 num
288 2504 326 2560 sio
338 2504 509 2576 interpretari
524 2505 607 2577 possis
623 2513 655 2558 ut
667 2504 811 2577 intelliges:
845 2505 928 2560 verbo
946 2521 1049 2575 psssrvo
1072 2521 1110 2558 sic
1130 2504 1182 2558 dru
1200 2512 1231 2557 ut
1247 2503 1368 2559 Suetonii
1385 2504 1453 2559 illud

209 2575 319 2643 sanquis
346 2591 404 2654 quo·
427 2575 514 2655 mopls
541 2584 655 2654 retentus
680 2585 750 2654 erut,
782 2591 810 2628 eo
846 2575 965 2626 dextrum
980 2591 1051 2654 penu
1068 2575 1156 2652 lupide
1174 2573 1255 2640 ictus,
1272 2575 1317 2626 sed
1339 2573 1453 2627 interest

208 2658 319 2788 leli&
330 2642 743 2781 tt‘t't'tffltttt
752 2659 811 2764 “tt
845 2641 1453 2789 ffibddlllelllnmiiledbmffi'll

208 2776 405 2830 drffvmdebstur
430 2793 462 2831 sc
491 2775 632 2847 frigescens
663 2784 691 2830 et
721 2778 811 2831 doore
846 2777 977 2830 slstrvus
994 2777 1130 2830 habendus
1147 2785 1191 2844 sit,
1205 2777 1337 2848 sicutipse
1347 2776 1453 2832 Grono-

209 2844 341 2898 ulliciebet
370 2845 559 2898 Alexsndrum'
591 2854 619 2898 et
656 2855 688 2899 ut
781 2864 811 2899 us
844 2845 904 2899 vius
912 2845 1095 2910 Lucretium,
1104 2851 1137 2900 93
1148 2845 1204 2898 del
1223 2845 1329 2916 higenis
1345 2845 1453 2900 lsudst:

209 2919 368 2967 tumesceret
402 2912 542 2967 efficiebat.
590 2913 668 2978 Quod
758 2913 812 2968 ‘tur
845 2923 917 2967 muta
935 2923 1003 2966 metu
1020 2924 1117 2967 terrum
1133 2915 1196 2983 peni
1230 2916 1392 2968 ssubmissc
1403 2933 1453 2984 pe-

209 2991 235 3033 et
254 2983 348 3036 vulnus
363 2983 562 3050 quodreceus
587 2985 673 3036 cubuc
699 2985 732 3036 do
772 2999 812 3036 em
845 2983 923 3036 tebet.
940 2981 1012 3035 Tum
1028 3000 1077 3054 pro
1093 2998 1135 3049 eo,
1152 2983 1224 3053 quod
1241 2981 1355 3037 inlibris
1367 2983 1454 3036 omui-

209 3066 262 3170 lssl
275 3049 539 3172 utt'tttdltt'
563 3057 636 3171 ‘⁰⁶13
659 3049 812 3172 qm
846 3051 968 3188 &tte
982 3051 1394 3172 lidulilff'linflliilllu]
1409 3069 1455 3104 '⁶‘

209 3183 340 3239 inveneris
364 3185 391 3238 in
413 3185 478 3238 edit
501 3134 628 3238 Modrgdnu
655 3195 683 3240 et
707 3185 812 3257 optimis
847 3196 1014 3256 receperunt,
1036 3186 1117 3256 idque
1140 3203 1192 3256 ego
1213 3185 1276 3240 olim
1296 3185 1324 3240 in
1346 3195 1454 3240 textum

210 3269 293 3324 seque
310 3271 341 3308 sc
357 3253 475 3325 plurimis
496 3254 628 3308 codicibus
643 3253 718 3308 Leid.
736 3254 812 3309 Voss.
846 3270 1008 3326 receperam:
1026 3271 1096 3307 nunc
1112 3263 1216 3314 mutatu
1233 3255 1366 3308 sententie
1379 3263 1454 3308 vete-

212 3329 225 3374 1
244 3329 273 3375 et
290 3328 305 3376 2
323 3321 404 3376 Bern.
428 3330 544 3392 utroque
565 3322 637 3376 Flor.
658 3321 762 3376 ABCH
783 3331 813 3378 et
845 3339 902 3376 rem
920 3323 1076 3394 scripturam
1087 3321 1213 3378 restituo:
1232 3341 1294 3376 nem
1313 3323 1456 3378 relstimm

210 3389 268 3442 Ea
284 3406 324 3459 pr.
334 3408 369 3442 m.
386 3407 439 3443 non
458 3408 548 3444 recens
565 3390 617 3470 legi
634 3392 681 3452 sed
696 3401 811 3460 stupens,
848 3389 924 3444 focile
953 3391 1035 3445 etism
1063 3390 1102 3445 rei
1128 3391 1342 3462 consequentium
1370 3391 1454 3464 sigui·

211 3457 288 3511 facile
301 3457 366 3526 illud
387 3456 529 3514 inusiuue
547 3477 617 3513 vous
638 3459 812 3530 complemen-
846 3458 919 3527 lieet,
937 3467 968 3512 ut
985 3458 1063 3530 paulo
1081 3468 1142 3530 poet
1159 3477 1181 3514 c
1199 3467 1242 3527 29,
1260 3467 1285 3514 4.

209 3533 268 3578 tum
294 3541 352 3579 esse
376 3525 550 3598 suspicabere.
598 3529 698 3581 Vulnus
724 3537 813 3580 sutem
882 3527 948 3600 Cep.
966 3533 1010 3596 ts,
1028 3530 1051 3595 5.
1065 3535 1108 3582 21.
1120 3529 1295 3598 pluribusque
1312 3531 1453 3599 ermimlt's]

164 3631 171 3636 -
210 3603 314 3663 stupere
335 3592 400 3664 quin
420 3601 493 3648 recte
514 3593 566 3648 dici
588 3596 670 3666 possit
693 3595 813 3675 equidem
846 3595 936 3666 Vulgo
953 3607 976 3650 et
990 3597 1113 3666 pluribus
1149 3595 1202 3650 uod
1219 3605 1260 3649 est
1281 3596 1309 3650 in
1325 3597 1397 3653 Flor.
1416 3597 1453 3667 (33

210 3659 256 3713 vix
278 3659 470 3729 dubitaverim,
502 3662 577 3733 quasi
606 3663 678 3733 quod
700 3664 812 3718 diductis
847 3667 996 3734 etplurr'ms's
1004 3663 1134 3718 Florum
1183 3663 1253 3718 ru.B
1268 3665 1375 3732 nubem,
1391 3665 1455 3721 reli-

210 3727 290 3782 lsbris
315 3737 342 3782 et
369 3737 463 3799 sperto
489 3747 535 3784 ore
561 3731 630 3784 hiat:
657 3749 718 3786 nem
742 3733 813 3802 quod
847 3732 892 3803 qui
902 3741 931 3786 et
945 3733 1033 3804 plures
1050 3741 1079 3785 et
1087 3732 1208 3786 meliores
1225 3733 1298 3802 quod
1314 3734 1454 3790 edidimus.

210 3795 324 3868 liquores
368 3809 472 3866 stupere
508 3797 634 3866 ¹dicuntur
673 3817 732 3854 cum
764 3800 812 3853 im·
882 3804 906 3868 ξ.
929 3807 971 3854 22.
1000 3811 1106 3880 poterut
1132 3818 1246 3870 aequare
1275 3818 1366 3855 omnes
1392 3801 1455 3857 libri

210 3863 320 3918 mobiles
337 3863 418 3934 fiunt,
442 3865 494 3919 huc
507 3883 561 3920 non
583 3867 744 3936 rettulerim,
767 3867 813 3922 ubi
846 3877 963 3936 veterem
1001 3878 1066 3922 rtem
1099 3869 1236 3940 eliquanto
1265 3879 1326 3940 post
1361 3887 1454 3924 omnes

211 3933 315 3986 nonde
417 3932 460 3986 ine
477 3933 524 3986 sed
542 3934 576 3987 de
594 3935 700 3990 vulnere
716 3936 812 4007 agitur.
847 3939 956 3991 vulnera
990 3948 1134 4007 acceperut.
1183 3937 1307 4008 Utroque
1337 3937 1395 3992 loeo
1425 3939 1453 3992 in

210 3951 425 4080 nuduiusffllrlr
441 4021 496 4056 uon
513 4003 582 4056 mule
595 4005 738 4058 correxisse
750 4005 813 4058 mihi
848 4005 925 4060 editis
946 4015 1052 4078 praeter
1075 4006 1150 4058 Mod.
1168 4005 1308 4058 verborum
1329 4005 1395 4060 ordo
1412 4005 1454 4060 in-

209 4068 350 4124 videbatur
367 4079 465 4138 repens,
484 4081 656 4124 veruntamen
671 4091 723 4126 non
739 4081 814 4143 tepet
848 4073 969 4128 vertitur.
1010 4074 1137 4144 Sequitur
1164 4076 1187 4140 §-
1210 4079 1242 4126 25
1270 4077 1455 4142 dusmenmu

210 4137 312 4200 vulnus,
330 4137 376 4190 sed
393 4139 508 4209 sanguis.
848 4159 897 4211 pro
905 4161 957 4212 quo
966 4142 1031 4195 editi
1040 4141 1146 4212 quidem
1161 4141 1259 4194 babent
1269 4144 1455 4210 deseruerunt,-

244 4207 267 4273 ξ.
285 4211 327 4259 20.
350 4207 465 4260 submitti
480 4226 550 4277 penu
577 4205 724 4261 Gronovius
748 4209 813 4263 Obs.
849 4225 897 4263 neo
922 4211 972 4263 hoc
994 4209 1171 4262 damnaverim
1193 4209 1316 4280 quonium
1333 4211 1455 4280 sequitur

211 4287 243 4338 11,
263 4278 278 4326 8
296 4279 387 4353 p.210
405 4275 446 4326 ed.
465 4275 537 4346 Lips.
556 4277 671 4328 defendit
688 4277 812 4331 adversus
847 4280 1015 4346 capessebat,
1046 4278 1092 4330 sed
1124 4277 1251 4331 librorum
1277 4288 1366 4331 tumen
1393 4297 1454 4332 mss.

210 4341 347 4411 Rutgersu
377 4342 554 4396 coniecturum
586 4347 696 4413 subniti,
731 4355 812 4412 recto,
847 4353 969 4398 constans
998 4346 1141 4399 auctoritas
1168 4348 1273 4399 videtur
1299 4363 1356 4400 esse
1377 4363 1454 4418 prue-

212 4417 304 4484 cstque
331 4426 363 4463 eu
392 4409 544 4466 coniectura
573 4431 679 4482 pmrsus
703 4413 810 4467 inutilis.
845 4413 960 4466 terenda.
