3302 5052
538 327 594 406 'na
621 327 748 381 aasrrs
773 329 883 380 max.
910 329 961 398 rv,
987 326 1032 378 ar.
1378 309 1425 378 91

179 509 266 582 belli
292 508 460 607 exiguam
485 512 579 584 hano
611 509 691 584 esse
717 505 962 605 mercedem).
977 507 1043 582 sed
1067 507 1290 607 Persepolim
1320 521 1429 611 eaput

178 618 284 715 regni
310 619 401 713 eius,
427 621 559 696 Baetra
585 618 729 708 deinde,
756 629 794 692 et
818 616 1021 711 Ecbatana,
1057 619 1244 717 ultimique
1270 617 1428 695 Orientis

179 723 285 802 oram
317 731 464 829 imperio
498 754 565 802 suo
598 728 807 802 destinasse.
868 727 1091 828 Quocunque
1123 732 1182 804 ille
1216 732 1340 830 fugere
1366 756 1427 829 po·

180 841 326 932 tuisset,
361 844 480 938 ipsum
516 840 617 936 sequi
654 866 777 938 posse:
824 831 1006 913 desineret
1040 851 1176 924 terrere
1212 842 1427 932 fluminibus,

180 975 290 1046 quem
315 951 424 1022 sciret
449 951 562 1024 maria
588 951 770 1023 transisse.

146 1086 163 1134 a
286 1058 403 1155 Reges
433 1061 579 1156 quidem
609 1062 699 1133 haec
729 1060 883 1132 invicem
918 1059 1146 1156 scripserant
1199 1058 1273 1134 Sed
1299 1061 1478 1134 Rhodiiaa

182 1171 311 1242 urbem
335 1193 438 1244 suam
469 1181 669 1270 portusque
701 1167 883 1242 dedebant
908 1169 1128 1243 Alexandro.
1181 1169 1246 1244 Ille
1272 1167 1429 1244 Ciliciam

181 1275 322 1354 Socrati
347 1280 557 1368 tradiderat,
583 1278 728 1352 Philota
752 1281 890 1378 regioni
917 1280 1012 1354 circa
1039 1279 1177 1379 Tyrum
1202 1281 1301 1356 iusso
1328 1308 1429 1380 prae-

183 1389 310 1466 sidere.
364 1389 520 1487 Syriam,
553 1414 645 1485 quae
679 1387 787 1463 Coele
822 1391 1035 1488 appellatur,
1060 1392 1318 1466 Andromacho
1343 1393 1429 1468 Par·

131 1529 166 1576 ro
183 1504 302 1574 menio
328 1498 543 1590 tradiderat,
574 1499 669 1573 bello
695 1499 798 1598 quod.
828 1512 1017 1598 supererat
1041 1501 1287 1577 interfuturus.
1338 1503 1429 1594 Rex,

182 1611 452 1709 Hephaestione
477 1610 675 1684 Phoenioes
710 1634 812 1682 oram
838 1611 953 1684 classe
980 1613 1206 1708 praetervehi
1233 1612 1347 1705 iusso,
1382 1615 1430 1688 ad

171 1722 314 1796 urbem
339 1719 474 1796 Gazam
501 1746 583 1793 eum
609 1720 775 1792 omnibus
803 1722 914 1819 copiis
942 1723 1051 1795 venit

133 1863 164 1910 ιι
287 1833 421 1907 Iisdem
444 1833 519 1905 fere
545 1831 671 1904 diebus
697 1832 870 1905 sollemne
896 1843 975 1906 erat
984 1817 1176 1906 =ludicrum
1189 1831 1429 1926 Isthmiorum,

186 1943 285 2042 quod
319 1954 499 2016 eonventu
529 1942 642 2016 totius
669 1939 841 2016 Graeciae
872 1945 1084 2018 celebratur.
1142 1942 1186 2014 In
1212 1971 1255 2017 eo
1282 1947 1430 2020 oonsilio

186 2054 324 2143 Graeci,
351 2063 393 2126 ut
418 2063 503 2124 sunt
527 2053 746 2150 temporaria
770 2054 922 2151 ingenia,
937 2053 1144 2143 decernunt,
1164 2063 1206 2126 ut
1232 2055 1434 2152 quindecim

186 2167 392 2263 legarentur
424 2162 471 2234 ad
501 2187 640 2262 regem,
675 2165 736 2261 qui
767 2165 815 2237 ob
848 2189 906 2236 res
942 2189 1008 2263 pro
1041 2165 1158 2238 salute
1189 2190 1231 2238 ac
1265 2165 1432 2242 libertate

185 2367 222 2400 vu
276 2387 283 2413 ,
301 2353 420 2401 nostrum
437 2343 465 2398 iu
482 2345 562 2398 Bern.
580 2345 607 2397 Δ
623 2343 696 2398 Flor.
713 2343 791 2397 ABD
825 2345 889 2399 tatis
906 2354 1022 2400 aetatem
1040 2345 1122 2418 sapit,
1140 2346 1200 2400 vide
1217 2347 1302 2400 Drak.
1319 2349 1353 2401 ad
1369 2347 1428 2404 Liv.

188 2415 229 2470 GI
286 2415 320 2468 'd.
357 2413 455 2469 Cetera
477 2409 791 2467 deteriorum'libmrum
825 2414 890 2485 epit.
907 2414 968 2468 libri
986 2414 1031 2469 cl.
1052 2419 1118 2467 Mox
1137 2415 1236 2468 Gazara
1244 2414 1328 2471 edidit
1336 2417 1428 2484 Snalr.,

186 2492 306 2564 morrena
323 2483 422 2536 dudum
439 2480 549 2552 explosa
569 2480 598 2535 in
619 2481 792 2553 appendioem
824 2483 908 2604 lppbet
919 2483 959 2604 pies
976 2482 1041 2536 meis
1058 2481 1131 2536 libris
1148 2500 1216 2536 unus
1233 2483 1314 2538 Bern
1328 2487 1361 2538 A.
1385 2485 1429 2540 Cf.

187 2567 274 2606 resen.
878 2565 906 2604 α’
955 2589 962 2603 .
1147 2563 1149 2568 ·

222 2621 331 2689 imperio
353 2635 401 2672 suo
425 2619 584 2688 destinasse]
619 2617 705 2672 Miror
721 2617 793 2671 unde
862 2621 884 2687 5.
910 2625 951 2671 11.
998 2618 1098 2672 Graeci
1128 2628 1157 2674 ut
1183 2631 1244 2672 sunt
1270 2623 1429 2690 temporario

188 2685 793 2824 tttltlt'nfflffli'ttti‘tttttl
826 2687 946 2808 trau
976 2685 1249 2809 lbpttffl
1264 2690 1431 2811 ustis

188 2825 269 2878 Ber-n
286 2831 316 2876 et
332 2773 617 2893 Florentiffimoer
633 2793 683 2878 ᾸΒ
708 2821 792 2876 omni-
827 2823 899 2894 qnod
918 2839 967 2876 eur
984 2823 1075 2877 Modio
1092 2821 1178 2876 nunus
1195 2824 1336 2894 probatum
1353 2797 1433 2880 suerii

187 2894 247 2946 bus.
282 2891 346 2944 Non
363 2907 525 2960 magnopere
542 2891 729 2958 desiderarem,
748 2891 794 2943 sed
829 2909 882 2945 non
899 2890 1028 2972 intelligo,
1047 2907 1110 2944 nam
1122 2889 1178 2944 sive
1191 2909 1278 2945 eornm
1287 2893 1434 2947 subintelli·
1517 2909 1520 2914 ·

189 2959 339 3014 Florentini
351 2959 445 3030 optimi
458 2959 522 3014 satis
537 2958 793 3040 opinortuebnntur.
828 2977 890 3029 gas,
913 2959 968 3012 sive
994 2978 1022 3012 m
1047 2959 1198 3012 uuiversum
1219 2959 1321 3014 dictum
1342 2961 1434 3016 existi-

225 3027 293 3098 cap.
311 3033 355 3093 22,
373 3031 397 3094 ς.
415 3033 439 3080 9.
474 3029 539 3080 laec
556 3029 665 3080 sontem
682 3029 795 3097 empse·
829 3044 885 3080 mes
902 3027 936 3080 de
960 3027 1094 3082 hominum
1115 3025 1194 3081 variis
1214 3027 1343 3098 ingeniis,
1367 3029 1433 3083 nihil

189 3098 264 3168 reru]
301 3095 346 3150 Sia
368 3111 457 3149 omues
481 3093 544 3148 libri
566 3102 685 3162 veteres,
714 3094 795 3164 vulgo
830 3094 899 3148 inest
925 3095 1038 3150 difficile
1078 3093 1158 3160 Quod
1184 3095 1265 3166 vulgo
1292 3096 1380 3151 editur
1405 3107 1433 3152 ut
1517 3105 1521 3114 “

67 3165 71 3174 ’
192 3166 303 3218 inuicem
319 3167 384 3217 trec
400 3163 494 3217 ordine
510 3172 622 3217 mutato.
830 3173 890 3218 susat
903 3164 1066 3217 Graecorum
1085 3163 1112 3215 in
1129 3161 1202 3216 nullo
1220 3163 1309 3218 oodioe
1326 3165 1433 3236 legitur,

226 3235 291 3285 hello
325 3233 396 3311 quod
429 3242 565 3300 supererat
609 3233 795 3352 interfuturus}
830 3249 891 3284 nam
908 3229 979 3286 Flor.
989 3231 1042 3284 ΕΗ
1058 3231 1173 3284 Bernss
1192 3241 1220 3284 ut
1238 3243 1299 3287 suat
1311 3235 1433 3302 Graecia,

191 3301 293 3354 Omnes
321 3299 381 3353 hbrr
398 3307 563 3366 ¹veterea,et
589 3299 652 3354 olim
674 3299 739 3353 edrtr
762 3317 779 3352 a
831 3298 900 3355 Cat
917 3311 979 3352 sunt
991 3300 1099 3367 Graeci,
1116 3298 1208 3353 DFGI
1224 3311 1314 3354 autem
1331 3311 1362 3354 ut
1379 3301 1435 3355 edi-

191 3371 238 3422 ruo
264 3370 368 3438 quode
434 3379 491 3421 erat
519 3369 569 3420 iter
581 3370 723 3438 sactum,
749 3377 797 3420 aut
831 3367 925 3420 dimus.
957 3367 1012 3422 Sed
1029 3368 1056 3421 hi
1074 3383 1164 3421 omnes
1181 3377 1210 3422 et
1227 3369 1355 3423 editiones
1371 3379 1435 3424 ante

190 3435 562 3559 ttiffidiffh
580 3435 798 3557 ¹²⁶3}thth
832 3437 1436 3560 tturn‘trrrtralbsurs:

192 3591 274 3643 quam
303 3544 358 3626 non
392 3572 502 3626 difficilis
515 3545 520 3557 ⁸
533 3544 690 3628 emendatio:
744 3572 798 3625 odii
832 3583 881 3626 tem
900 3544 1018 3628 drurimn
1040 3573 1110 3626 enim
1127 3573 1221 3626 estad
1239 3523 1342 3644 &sirpus
1359 3547 1435 3629 aceo-⁸

192 3643 259 3694 bello
277 3643 459 3708 interfuturam,
477 3658 538 3693 nam
557 3639 725 3694 colonienses
742 3639 798 3692 eius
832 3660 859 3693 m
895 3650 978 3709 atum,
1005 3643 1144 3711 tenpornle
1169 3643 1241 3712 quod
1257 3660 1305 3714 per
1330 3642 1437 3714 aliquod

192 3711 361 3763 membranae
379 3712 581 3780 interfatum,
600 3708 798 3779 sigebergensis
834 3709 960 3779 temporis
977 3728 990 3764 s
1010 3708 1092 3762 atium
1110 3709 1197 3762 durat.

192 3777 309 3848 optimus
326 3777 393 3830 liber
410 3779 576 3846 iatep‘uturis
590 3776 798 3856 dicunturprae-
867 3788 895 3831 ut
913 3781 959 3846 qui
997 3779 1060 3830 ecim
1078 3781 1228 3847 leparentur
1264 3777 1318 3831 Vul
1338 3798 1354 3833 0
1372 3781 1435 3834 duo·

192 3845 304 3908 stitisse,
325 3845 420 3914 quibus
443 3844 597 3898 lectionibus
620 3853 680 3899 tuta
704 3863 748 3897 rra
764 3845 798 3898 ad
833 3847 929 3912 decim,
953 3845 1000 3898 sod
1021 3846 1092 3966 ‹puod
1115 3863 1162 3900 uos
1179 3863 1214 3899 ex
1272 3845 1305 3899 ’(1.
1351 3857 1433 3902 osat

192 3913 296 3984 reliqua
312 3913 517 3966 monstrabatur.
832 3913 904 3968 Flor.
926 3913 1028 3967 ADFG
1071 3913 1199 3967 edidimus
1228 3915 1351 3970 Curtium
1376 3933 1436 3986 eum

230 3985 253 4049 5.
278 3988 317 4035 10.
353 3982 494 4034 Phoenices
517 3981 602 4051 oram]
647 3980 798 4034 Ridiculum
832 3982 951 4036 Diodoro
967 3997 1040 4048 xvn,
1058 3988 1092 4036 48
1110 3981 1268 4037 conciliabit.
1296 3985 1436 4052 Agebatur

217 4050 270 4104 uod
287 4049 446 4104 reoentiorea
463 4048 578 4102 editores
596 4057 714 4102 veterem
725 4065 798 4102 men·
832 4050 899 4103 illud
916 4051 1013 4104 festum
1029 4059 1131 4104 aestate
1148 4069 1171 4103 a.
1190 4058 1239 4105 332
1258 4069 1274 4104 a
1293 4051 1366 4118 Clu,
1383 4069 1436 4122 qua

195 4069 257 4198 dam
289 4117 418 4239 egptrplexi
453 4126 516 4170 sunt
534 4117 702 4238 teIxtoelrpicis:
735 4117 798 4236 qpid
833 4119 925 4240 {apem
951 4127 1053 4172 aestate
1080 4117 1217 4190 Olympias
1246 4127 1293 4172 112
1321 4119 1436 4174 celebra·
1494 4173 1496 4178 ,

195 4204 267 4239 emm
346 4203 390 4239 rus
415 4203 471 4238 ease
610 4203 656 4237 ra
675 4202 751 4237 emen
771 4203 799 4238 a·
853 4204 922 4239 aur.

197 4254 271 4308 tione
285 4253 375 4307 Aldini
393 4203 614 4308 euiwrishounus
628 4253 796 4308 tarnenFlor.
867 4273 917 4323 pro
935 4257 1020 4308 solute
1038 4271 1070 4307 ac
1087 4256 1205 4307 libertate
1226 4256 1356 4308 Graeciae
1391 4255 1437 4310 Sic

197 4321 224 4376 G
240 4323 314 4394 quasi
333 4339 421 4374 verum
439 4323 612 4376 subodoratus
633 4323 798 4386 Phoenicius,
834 4323 914 4375 Boru.
934 4325 959 4374 Α
986 4332 1014 4374 ot
1032 4323 1102 4376 Flor.
1122 4322 1261 4376 ABEFGI
1284 4343 1343 4377 curn
1400 4324 1435 4376 id.

199 4408 268 4460 quaa
284 4393 366 4445 forma
393 4390 503 4444 nominis
519 4399 680 4461 postremam
698 4390 799 4444 Latini-
836 4391 911 4444 Voss.
925 4391 1038 4462 l,rulgo
1042 4409 1094 4461 pro
1112 4393 1197 4472 salute
1209 4393 1259 4446 Gr.
1268 4411 1300 4446 oc
1310 4395 1437 4446 libertate.
