3258 5120
536 386 586 437 ou
613 385 739 440 orans
766 387 875 440 saux.
901 388 952 456 rx,
979 383 1022 435 ao.
1325 361 1400 434 467

119 581 203 644 set
226 568 336 641 dorsa
370 569 630 645 testudinum.r
662 567 811 644 Cratero
846 566 975 642 deinde
1010 567 1163 665 imperat
1187 589 1271 656 rex,
1305 564 1404 640 haud

161 681 290 779 procul
314 703 431 772 amne,
456 707 522 780 per
548 705 655 779 quern
680 688 758 754 erat
783 680 859 776 ipse
883 680 1126 777 navigaturus,
1154 675 1273 773 copias
1299 674 1404 748 duce·

163 797 240 864 ret:
268 815 331 866 eos
358 803 498 884 autern,
526 792 585 888 qui
611 789 772 862 comitari
799 812 881 861 eurn
907 790 1081 878 solebant,
1108 787 1258 885 imponit
1282 787 1319 860 in
1344 811 1405 860 na·

164 927 246 993 ves,
274 903 374 975 etin
398 905 489 978 fines
515 900 705 975 Mallorum
731 897 888 972 secundo
916 925 1020 973 amne
1047 899 1245 972 devehitur.

124 1035 142 1079 ι
270 1010 359 1086 Inde
399 1009 575 1086 Sabarcas
616 1009 717 1100 adiit,
758 1008 914 1082 validam
953 1008 1075 1083 Indiae
1113 1019 1273 1108 gentem,
1312 1031 1404 1105 quoe

165 1123 300 1222 populi,
325 1135 400 1195 non
425 1145 551 1220 regum
577 1119 725 1218 imperio
750 1120 953 1218 regebatur.
1006 1116 1203 1218 Sexaginta
1227 1119 1324 1192 milia
1348 1143 1408 1217 pe·

166 1234 282 1309 ditum
307 1233 500 1323 habebant,
527 1230 686 1328 equitum
712 1255 778 1304 sex
795 1232 906 1304 milia:
933 1232 999 1305 has
1021 1230 1141 1328 copias
1159 1254 1283 1304 currus
1309 1229 1416 1328 quin-¹

128 1346 266 1444 rgenti
298 1345 550 1442 sequebantur.
622 1341 710 1417 Tres
749 1340 858 1416 duces
892 1353 1073 1442 spectatos
1113 1343 1245 1415 virtute
1283 1339 1411 1413 bellica

170 1457 364 1555 elegerant.
409 1452 463 1526 At
488 1452 548 1551 qui
574 1451 611 1525 in
637 1453 733 1551 agris
760 1463 865 1527 erant
890 1453 1045 1552 proximi
1070 1452 1206 1525 flumini
1232 1452 1410 1551 (frequen-

1 1607 2 1647 1
123 1637 126 1642 .
168 1579 225 1642 tes
250 1574 373 1641 autem
389 1563 500 1654 vicos,
526 1563 682 1637 maxime
697 1564 735 1637 in
760 1564 839 1660 ripa
854 1561 1052 1661 habebant)
1077 1574 1120 1638 ut
1144 1562 1267 1636 videre
1293 1572 1411 1636 totum
1520 1639 1525 1644 ,

169 1699 330 1764 amnem,
363 1699 436 1772 qua
466 1675 622 1774 prospici
648 1685 805 1773 poterat,
843 1674 996 1773 navigiis
1023 1683 1260 1763 constratum,
1293 1684 1331 1747 et
1355 1683 1413 1747 tot

1 1865 2 1875 ,
168 1787 324 1862 militum
349 1809 450 1860 arma
474 1785 667 1884 fulgentia,
702 1786 816 1861 territi
841 1810 940 1860 nova
965 1784 1070 1876 lacie',
1104 1783 1253 1858 deorum
1279 1785 1412 1860 exerci-

1 1942 3 1984 ι
104 1913 106 1918 “
169 1910 250 1973 tum
276 1907 314 1971 et
339 1896 449 1970 alium
473 1895 644 1970 Liberum
656 1894 812 1986 Patrem,
839 1896 979 1970 celebre
1004 1895 1042 1968 in
1066 1896 1135 1970 illis
1156 1896 1324 1994 gentibus
1349 1921 1413 1972 no·

135 2027 272 2100 omen,
299 2004 498 2080 adventare
524 2005 728 2080 credebant
780 2004 875 2080 Hinc
900 2005 1053 2080 militurn
1078 2007 1227 2096 clamor,
1254 2007 1337 2080 hino
1361 2031 1415 2083 re·

171 2145 313 2194 morum
324 2115 451 2216 pulsus
471 2117 662 2214 variaeque
680 2127 872 2191 nautarum
897 2142 1006 2192 voces
1024 2118 1244 2192 hortantium
1263 2115 1414 2217 pavidas

139 2241 297 2306 taurea¹
323 2221 570 2324 impleverant.
635 2225 732 2326 Ergo
767 2229 925 2303 universi
955 2227 1003 2302 ad
1029 2253 1108 2320 eos,
1147 2229 1208 2326 qui
1244 2229 1416 2302 inarmis

174 2345 292 2427 erant,
332 2348 498 2429 currunt,
535 2337 654 2412 furere
689 2337 933 2432 clamitantes,
972 2350 1115 2414 etcum
1150 2337 1217 2412 diis
1243 2339 1418 2438 proelium

174 2444 346 2534 inituros:
379 2447 527 2548 navigia
551 2472 624 2522 non
650 2473 757 2548 posse
782 2441 983 2542 numerari,
1017 2475 1109 2549 quae
1134 2451 1287 2524 invictos
1319 2449 1417 2524 viros

174 2557 359 2632 veherent
398 2555 626 2658 Tantumque
651 2560 688 2632 in
705 2560 903 2635 exercitum
921 2585 1068 2634 suorum
1093 2561 1245 2636 intulere
1260 2553 1418 2651 terroris,

173 2653 218 2742 iit
242 2668 381 2767 legatos
407 2667 595 2744 mitterent
619 2679 764 2768 gentem
789 2665 986 2745 dedituros.

143 2795 160 2844 8
279 2778 346 2853 His
371 2777 410 2851 in
443 2777 553 2856 fidem
580 2783 751 2881 acceptis,
785 2779 834 2854 ad
858 2781 947 2856 ahos
977 2780 1107 2857 deinde
1137 2791 1264 2880 gentes
1291 2784 1469 2882 quartalli

177 2888 235 2965 die
261 2889 435 2989 pervenit
487 2889 607 2965 Nihilo
633 2893 714 2990 plus
740 2891 849 2966 animi
874 2891 930 2966 his
956 2892 1033 2984 fuit,
1060 2918 1168 2991 quam
1194 2893 1320 2968 ceteris
1347 2895 1421 2969 firc-

176 3009 243 3073 rat
282 2999 408 3102 Itaque
433 3001 568 3103 oppido
582 3003 643 3086 ¹ibi
669 3001 825 3097 condito,
851 3002 950 3102 quod
965 3002 1224 3078 Alexandriam
1250 3005 1422 3105 appellari

212 3251 278 3329 ⁵2⁸·
308 3253 417 3333 arfinan
434 3253 783 3336 humiliantem,
852 3259 877 3323 s.
895 3261 920 3312 t.
943 3265 1000 3336 ‘tot
1025 3257 1133 3311 andium
1159 3258 1246 3330 anno]
1290 3255 1337 3312 Sic
1361 3257 1423 3313 edd.

178 3320 532 3440 aaa...
539 3325 784 3456 aare
816 3327 994 3458 :aaa
1009 3323 1424 3463 tentanum

179 3461 254 3508 ctorc
270 3453 302 3510 C.
319 3455 440 3525 anaro,
462 3460 581 3514 nondum
598 3460 626 3514 in
642 3460 700 3532 ipso
716 3461 784 3516 ludo
819 3461 870 3515 deo
887 3477 935 3516 cur
955 3469 1115 3532 postponam
1136 3463 1269 3516 recentius
1291 3463 1425 3518 aditomm

179 3521 784 3593 navigabatAlaxanderzetsioraneArrianus
818 3528 948 3584 librorum
970 3529 1140 3599 auctoritati,
1164 3530 1193 3584 in
1218 3531 1313 3604 quibus
1330 3540 1372 3586 est
1389 3540 1425 3585 tot

228 3599 280 3672 :a
315 3593 449 3648 Sabarcas
472 3599 538 3650 cdii!
585 3597 654 3652 Edd.
672 3606 739 3652 vett.
756 3606 786 3652 et
818 3599 927 3652 millam
945 3615 1029 3652 anno.

228 3675 280 3712 icas
296 3659 378 3732 longe
399 3662 506 3733 plorimi
545 3667 673 3732 oboram,
696 3665 782 3721 Pall
853 3668 877 3736 ς.
896 3673 921 3721 t.
957 3683 1030 3720 voces
1055 3667 1227 3789 latomias?
1271 3667 1426 3722 loetantiwn

177 3735 206 3780 et
222 3727 336 3782 Flaui*
358 3731 509 3800 Sudraca,
535 3734 609 3788 Flor.
626 3735 680 3788 ΕΗ
703 3735 784 3789 Ber-rr.
818 3734 906 3805 potius
923 3734 996 3789 Flor.
1014 3733 1090 3787 EFH
1107 3734 1187 3789 Ber-n.
1226 3734 1330 3790 ,Poll
1348 3739 1425 3791 Voss.

179 3795 202 3848 B
229 3803 260 3850 ut
282 3797 508 3855 amantior-rbus
533 3802 623 3857 oditur
640 3803 784 3858 Sobrooas.
819 3809 850 3870 2,
873 3804 949 3874 quod
967 3801 1080 3875 speciem
1097 3803 1180 3870 habet
1197 3803 1311 3875 aliquam
1328 3803 1426 3859 verita-

179 3861 233 3944 Sed
249 3873 369 3934 praestat
385 3865 413 3920 in
430 3868 536 3923 nomino
558 3869 660 3926 incerto
677 3889 694 3925 a
710 3871 785 3926 meli·
819 3870 867 3938 tis¹
886 3871 933 3926 sed
950 3871 1063 3942 spadam
1081 3879 1194 3926 tantum.

179 3932 268 4010 onbur
285 3933 418 4014 oodioibtn
435 3953 490 3991 non
503 3937 649 4004 discedere,
665 3957 785 4020 praeser-
854 3949 879 4016 §-
903 3956 927 4002 7.
964 3959 987 4002 α
1014 3965 1071 4000 mm
1099 3948 1165 4018 diis]
1204 3947 1343 4005 Εὰῐιίοιιω
1370 3950 1428 4003 lere

179 4007 227 4052 tun
246 4017 308 4054 curn
325 4011 412 4072 gentrr
429 4021 526 4086 nomen
548 4007 620 4077 apud
636 4006 785 4089 Diodorum
818 4015 875 4069 rina
892 4026 929 4069 et.-
955 4025 1097 4087 utrumque
1122 4015 1198 4070 bonis
1224 4014 1297 4072 libris
1320 4017 1427 4072 nititur:

178 4071 364 4137 Σαμβαπαι,
388 4072 463 4193 bh&
479 4074 584 4128 videbar
601 4091 659 4130 ersa
677 4076 784 4131 Annam
819 4083 918 4154 legitur
938 4084 1009 4138 enim
1031 4083 1196 4152 coniunctio,
1224 4093 1254 4138 ut
1280 4093 1427 4140 ceterorum

174 4131 363 4218 Ἀβαστανῶν.
375 4143 395 4191 1'
433 4161 477 4209 aa,
496 4142 603 4214 propius
619 4145 730 4199 accedat
751 4145 786 4225 ad
816 4154 928 4206 turbam
953 4151 1182 4224 praetermittun,
1208 4153 1236 4206 in
1258 4153 1329 4209 Flor.
1347 4156 1374 4207 Δ
1399 4162 1429 4208 et

179 4212 296 4260 nostram
312 4215 479 4288 scripturam
505 4211 577 4266 Nam
586 4211 715 4268 Sebastos
733 4221 786 4266 otr-
820 4221 898 4276 Voss.
916 4230 927 4274 1
948 4229 977 4275 et
1002 4220 1066 4274 edit.
1084 4220 1170 4287 Mod,
1188 4221 1264 4275 abest
1280 4239 1297 4276 a
1312 4222 1429 4276 Ber-M

141 4321 146 4332 .
181 4287 232 4342 que
249 4289 341 4356 veram
358 4275 472 4358 udatur.
543 4349 549 4362 ι
819 4296 849 4342 ot
866 4289 938 4344 Flos.
953 4289 977 4342 Β
995 4297 1024 4342 ee
1041 4288 1170 4343 hidensi.
1198 4287 1252 4343 Sed
1268 4290 1349 4361 paulo
1366 4297 1430 4362 post

214 4341 358 4421 Sexaginta
384 4347 476 4427 andro·
539 4351 611 4417 itam]
659 4349 711 4403 Est
735 4347 787 4429 hoq
820 4373 911 4412 omnes
928 4357 1098 4412 consentiunt
1119 4366 1261 4412 atrocen
1282 4361 1352 4415 viros
1369 4377 1429 4415 cum

179 4407 348 4485 a-Drcdorm
372 4429 435 4468 nam
457 4413 477 4469 lr
497 4415 519 4472 ri
542 4427 647 4472 veteres
667 4416 787 4472 coram
820 4425 915 4481 Medio
933 4425 1060 4480 addamus
1077 4434 1139 4496 post
1156 4427 1274 4482 inuictos.

180 4499 212 4538 vr
223 4488 352 4556 muron.
857 4495 976 4566 Gapal,
992 4497 1015 4565 5.
1025 4499 1050 4548 Β.
1065 4495 1347 4570 ᾳιιοάΔὶαταηᾰνίαιιι]
1365 4497 1429 4551 Alc·

1253 4579 1310 4635 80·
