3336 5066
565 287 615 340 na
642 241 768 344 cnsrrs
794 290 905 347 Anax.
933 291 969 359 v,
996 289 1020 338 o.
1318 341 1321 348 ,
1367 271 1440 342 173

187 471 329 543 liamm
371 471 482 548 vices.
507 489 592 552 ante
632 473 783 548 cubiculi
821 475 916 546 fores
957 480 1120 570 servanti
1161 497 1442 572 magnorumque

185 583 463 679 praefectorum
491 599 529 662 et
554 589 685 662 ducum
711 586 800 658 haec
826 584 1045 658 incrementa
1058 593 1142 655 sunt
1167 592 1205 654 et
1228 581 1440 658 rudimenta

127 709 165 760 ⁴³
302 692 417 794 Igitur
448 723 516 770 rex
552 700 624 771 arci
650 697 870 797 Babyloniae
896 694 1088 793 Agathone
1113 689 1317 791 praesidere
1342 695 1440 768 iusso

186 827 280 878 cum
292 827 368 879 nec
395 807 636 884 Macedonum
662 809 901 904 trecentisque
928 804 1091 878 mercede
1117 803 1312 895 conductis,
1340 830 1440 902 prae·

176 909 307 1008 tores,
334 917 395 1012 qui
421 920 560 1016 regioni
586 919 807 1020 Babyloniae
834 943 876 990 ac
904 914 1044 990 Ciliciae
1071 929 1293 1014 praeessent,
1320 915 1439 990 Moue-

185 1041 271 1102 tem
297 1039 335 1100 et
359 1025 625 1125 Apollodorum
650 1029 827 1127 'relinquit
879 1027 962 1102 Duo
989 1027 1086 1101 milia
1110 1029 1152 1100 iis
1179 1029 1331 1102 militum
1357 1052 1440 1100 cum

183 1138 292 1210 mille
318 1137 465 1214 talentis
492 1143 598 1217 data:
626 1143 767 1240 unique
791 1151 1034 1239 praeceptum,
1047 1139 1137 1212 utin
1150 1139 1439 1238 supplementum

124 1266 164 1314 u
183 1247 325 1323 milites
352 1252 524 1352 legerent
567 1252 754 1327 Mnaeum
779 1253 1002 1349 trmrsfugam
1028 1260 1194 1348 satrapea
1218 1249 1440 1355 Babyloniae

186 1357 327 1453 donat,
352 1361 630 1461 Bugophanem,
656 1363 717 1462 qui
743 1387 862 1436 arcem
888 1361 1101 1452 tradiderat,
1128 1387 1167 1460 sc
1193 1363 1294 1460 sequi
1319 1361 1439 1453 iussit;

125 1487 164 1535 ⁴⁵
185 1469 369 1546 Armenia
393 1471 564 1549 Mithreni
591 1473 758 1551 Sardium
782 1472 959 1571 proditori
986 1473 1071 1547 data
1096 1483 1161 1546 est
1204 1472 1263 1547 Ex
1288 1473 1440 1573 peetutia

186 1581 326 1658 deinde
366 1581 590 1684 Babyloniae
627 1587 762 1661 tradita
797 1582 1036 1658 Macedonum
1076 1586 1252 1684 equitibus
1293 1584 1439 1659 sexceni

189 1791 313 1846 omnium
330 1791 481 1863 lectionem,
500 1796 619 1866 quamvis
636 1796 721 1851 minus
738 1803 804 1866 apta
838 1797 901 1848 duta
928 1812 986 1848 cion
1011 1795 1057 1849 mil
1079 1797 1124 1850 tol.
1160 1793 1213 1849 Sed
1230 1795 1314 1850 dandi
1332 1791 1439 1864 quidem

187 1859 318 1914 videatur
339 1861 465 1933 quoniam
493 1866 638 1934 praecedat
664 1863 802 1934 singularis
836 1864 947 1916 verbum
965 1863 992 1916 in
1009 1863 1129 1918 omnibus
1146 1865 1221 1918 codd.
1232 1861 1354 1916 ultimum
1362 1869 1439 1915 tenet

187 1945 320 2004 nameus
341 1929 421 2002 regia
464 1931 648 1988 Veruntamen
675 1932 803 1988 amitus
835 1929 1065 2002 locumpeditmn
1081 1932 1199 1988 innullo
1215 1929 1440 1986 ababliuvosst
1592 1961 1595 1970 2

188 1997 227 2050 ad
245 1997 377 2068 pluralem
398 2017 453 2053 non
471 1999 553 2054 babet
570 2018 731 2074 magnopere
749 2019 802 2072 quo
835 2005 851 2054 2
870 1998 983 2069 pessimo
1000 1999 1075 2055 libro.
1110 2000 1204 2072 Itaque
1230 2000 1258 2054 in
1275 1999 1361 2071 priore
1382 1997 1438 2050 adi·
1529 2049 1535 2058 „

187 2065 400 2148 offendatucum
416 2067 484 2149 illud
497 2067 801 2152 institubrmpucmrum
835 2067 909 2121 tiana
926 2067 1235 2150 reliquiarum-mutatis
1253 2067 1377 2149 dederam
1394 2067 1437 2147 bis
1513 2095 1515 2100 .
1549 2105 1551 2110 .

186 2144 411 2258 mamam
370 2221 386 2258 .
404 2141 802 2279 scamma
835 2138 989 2285 toste
1011 2140 1200 2191 um

184 2273 801 2358 usurpatumVulgoinssmtiatcesmntsmqus.
834 2289 898 2353 quis
916 2273 1099 2354 praepositum
1122 2276 1163 2327 lis
1189 2273 1217 2327 in
1241 2291 1296 2327 uuo
1321 2272 1398 2327 Voss.
1423 2279 1434 2324 l

224 2341 248 2409 §-
276 2347 318 2396 48.
355 2343 439 2412 ipitar
468 2359 515 2396 res
540 2347 600 2399 orci
625 2345 799 2414 Babyloniae]
834 2349 976 2408 ruvemtur,
992 2342 1085 2414 reliqui
1103 2342 1159 2395 lere
1176 2345 1227 2396 dno
1244 2343 1319 2395 stilio
1338 2345 1397 2408 (aut
1413 2353 1437 2392 11

185 2408 281 2478 Vulgo
298 2411 335 2478 ip,
353 2414 414 2480 orci
429 2410 498 2466 Bab.
517 2429 577 2481 res,
600 2413 692 2467 sedin
708 2411 801 2467 ordina
906 2415 933 2462 st

185 2478 333 2532 verborum
350 2486 475 2533 conatam
492 2480 542 2534 sibi
559 2499 650 2536 omnes
667 2499 727 2536 mss.
745 2481 800 2535 Pro
834 2486 882 2532 sut
904 2493 927 2531 ιι
950 2487 998 2532 ant
1014 2477 1189 2549 negligentius
1206 2493 1244 2545 rr,
1282 2493 1333 2532 uas
1348 2475 1437 2530 omnia

187 2546 356 2614 Babyloniae
373 2546 401 2600 in
418 2547 500 2602 Bam.
519 2551 544 2602 A
562 2550 634 2605 Flcr.
652 2550 702 2604 AB
724 2548 799 2603 Leid.
834 2547 927 2600 codem
953 2549 1075 2614 redeunt)
1099 2549 1232 2613 similiter,
1363 2546 1390 2598 A
1413 2559 1436 2597 ιι

187 2613 299 2668 Vasa!
326 2623 369 2668 est
385 2615 531 2685 Bcbilone,
555 2627 680 2690 cumpro
730 2619 799 2671 assi·
833 2615 1101 2680 attrectarunt
1119 2630 1141 2667 11
1159 2617 1183 2668 is
1201 2617 1308 2668 militum
1325 2614 1434 2681 habent,

187 2685 253 2736 dere
269 2681 297 2735 in
308 2682 425 2737 Bern.A
443 2683 515 2739 Flor.
526 2686 574 2739 ΑΒ
611 2690 684 2740 rossi
702 2705 716 2739 a
733 2703 799 2752 esse,
833 2701 901 2736 unus
925 2683 999 2738 Laid.
1025 2691 1107 2738 uorat
1128 2697 1151 2735 ιι
1174 2685 1283 2735 militum
1306 2683 1356 2736 bis.
1391 2681 1435 2734 Ex

187 2749 216 2804 ia
234 2751 355 2805 BeraB
373 2751 574 2807 FiunDEFHl
619 2773 670 2808 ma
688 2761 703 2808 2
718 2771 800 2824 prae-
833 2769 865 2805 eo
883 2761 995 2822 apparet
1011 2753 1046 2804 iis
1063 2768 1119 2804 esse
1135 2751 1334 2804 restituendum.
1352 2751 1435 2804 Acce-

187 2821 273 2874 sidsm
292 2837 361 2886 esse,
381 2820 452 2878 Flor.
470 2821 664 2892 Cpraest’dere
682 2841 753 2889 esse,
772 2821 799 2876 iu
833 2820 874 2874 dit
892 2838 989 2874 novum
1007 2819 1111 2891 aliquid.
1138 2819 1243 2873 Modius
1260 2817 1366 2889 scripsit
1383 2820 1435 2871 duo

187 2905 244 2943 nuo
262 2885 288 2941 G
300 2891 459 2957 praesidere
480 2899 554 2944 recte
571 2891 677 2963 legitur.
712 2891 799 2960 (leid.
833 2890 967 2942 bismills'a
976 2891 1094 2960 peditum
1103 2907 1160 2941 cnm
1169 2888 1434 2955 milletolentisduto.

187 2956 267 3020 Voss
289 2963 300 3009 l
321 2955 455 3024 silentur.)
833 2956 877 3010 De
893 2957 985 3011 ordina
1001 2957 1140 3010 verborum
1157 2957 1209 3009 iam
1226 2973 1279 3008 nou
1296 2971 1369 3021 arro,
1386 2955 1434 3006 sed

224 3025 329 3093 reqioni
349 3025 515 3095 Babylont'oe
540 3046 573 3081 ac
593 3024 716 3100 Ciliciae]
752 3027 798 3082 Sic
834 3027 897 3078 tiata
915 3024 1052 3097 perspicue
1068 3033 1110 3078 est
1126 3023 1330 3079 inFlor.Ghoe
1342 3022 1434 3077 modo:

189 3093 309 3166 codices,
329 3111 383 3148 non
400 3110 472 3161 vare,
490 3096 576 3150 lateor
592 3097 716 3168 quoniam
733 3095 799 3150 Dio·
835 3097 861 3146 Ω
1136 3097 1162 3146 Ω

187 3163 248 3216 dor.
274 3177 357 3229 xvn,
383 3169 415 3216 os
441 3163 470 3218 iu
497 3163 593 3218 ceteris
618 3185 678 3220 cnm
704 3165 798 3220 Curtio
833 3177 856 3214 ιι
873 3163 915 3217 tis
932 3163 1043 3216 miiitum
1061 3181 1117 3217 cum
1133 3177 1155 3214 x
1172 3165 1277 3217 talentis
1303 3165 1381 3229 data,
1405 3170 1434 3216 et

188 3229 359 3286 consentiens
389 3237 439 3298 τῆς
471 3254 501 3286 τε
529 3232 717 3300 Βαβυλωνίας
752 3239 798 3286 καὶ
832 3230 854 3284 si
872 3249 925 3286 non
942 3241 1021 3298 esset,
1040 3241 1127 3285 umen
1141 3240 1331 3302 putaremcum
1342 3231 1434 3286 Modio

187 3301 797 3441 :sttt'ttltlttttltltl‘lttl‘tl
831 3299 1434 3440 ⁰⁰”ltllttlttllltttstllsltl

187 3436 358 3490 librariorum
383 3453 465 3491 error.
486 3441 490 3449 '
511 3438 593 3493 Certa
623 3457 656 3492 ac
687 3389 796 3504 abituri,
883 3444 949 3490 .44.
984 3448 1107 3507 satrapea
1131 3437 1210 3489 etiarn
1236 3438 1262 3490 h.
1286 3437 1303 3490 l.
1330 3437 1381 3490 scri
1402 3438 1433 3502 si,

189 3505 263 3576 quod
286 3504 368 3575 vulgo
391 3523 425 3558 ex
449 3508 582 3560 emendat.
605 3507 675 3561 Iunii
701 3507 797 3561 substi-
831 3504 899 3558 sicta
920 3505 988 3558 inira
1009 3523 1031 3558 c
1057 3513 1071 3560 o
1095 3513 1124 3558 et
1144 3521 1201 3571 νιι,
1225 3513 1241 3558 b
1264 3505 1316 3558 iarn
1333 3506 1369 3557 du
1390 3524 1434 3560 um

187 3581 289 3640 munt,
307 3590 393 3644 seque
410 3573 530 3646 ineptum
547 3584 598 3642 est,
617 3593 677 3629 nam
696 3575 797 3628 civitati
831 3572 963 3627 scribitur.
988 3577 1056 3626 ltcm
1073 3573 1110 3627 sic
1128 3575 1228 3627 babent
1245 3575 1304 3626 cdd
1342 3573 1432 3640 rimae,

188 3641 298 3713 quidem
315 3653 441 3712 praeerat
457 3653 566 3714 satraps
583 3645 716 3698 Mazaeus.
738 3645 797 3697 Me-
832 3643 917 3695 donec
936 3641 1026 3695 lunius
1042 3645 1163 3712 satrapia
1182 3643 1256 3696 dedit
1272 3642 1304 3696 tt
1340 3643 1433 3714 iusque

187 3721 272 3764 neten
289 3709 401 3776 retinui,
428 3730 589 3784 quamquam
607 3714 685 3767 codd.
703 3714 797 3766 liuns·
829 3710 949 3765 retinuit.
974 3710 1058 3764 Codd.
1076 3727 1166 3764 omnes
1182 3721 1308 3781 satrapae
1324 3719 1373 3764 aut
1389 3729 1434 3764 su-

188 3790 243 3832 tam
260 3789 308 3832 aut
325 3780 482 3834 Mansuram
506 3791 554 3834 ant
572 3781 644 3835 Flor.
662 3780 688 3834 G
706 3782 797 3834 blase·
830 3789 913 3848 traps.

187 3847 374 3915 lambebant,
399 3867 460 3902 narn
486 3849 565 3904 borno
582 3867 599 3902 a
617 3850 734 3904 Diodoro
751 3867 797 3903 vo·
866 3853 891 3914 S.
909 3855 951 3903 45.
969 3850 1131 3916 Babylonius
1148 3851 1247 3902 tradita
1257 3850 1432 3902 Macedonum

188 3917 379 3980 caturMs‘vns.
390 3916 494 3971 Deinde
505 3921 664 3988 Apollodoro
674 3919 796 3972 mendoso
831 3919 958 3985 comtibus
976 3919 1037 3986 oct]
1075 3917 1173 3970 Omnes
1191 3918 1267 3971 codd.
1285 3926 1313 3970 et
1331 3919 1432 3970 tradita

187 3985 271 4038 Bem.
288 3986 315 4038 A
333 3985 404 4039 Flor.
422 3987 453 4053 A,
472 3986 550 4040 Voss.
574 3995 606 4053 1,
635 3990 796 4068 Apollodoro
831 3985 946 4050 babent,
963 3987 1033 4058 quod
1051 3986 1130 4055 vulgo
1148 3985 1297 4052 omittitur,
1323 3993 1352 4038 et
1368 3987 1432 4040 Μα·

187 4051 264 4107 Laid.
299 4055 436 4124 Relinquit
467 4055 580 4126 denique
612 4056 705 4126 optimi
736 4054 796 4108 libri
831 4057 972 4121 ardonico,
994 4073 1042 4127 pro
1059 4072 1111 4124 quo
1128 4053 1216 4108 editur
1234 4055 1431 4108 dictationibus.

187 4121 270 4176 Bern.
288 4127 313 4175 Α
332 4121 403 4177 Flor.
423 4123 472 4176 ΑΒ
490 4123 565 4178 Ιιεὶά.
583 4125 660 4178 Voss.
673 4134 696 4190 ι,
714 4123 797 4178 ceteri
830 4121 885 4176 Sed
911 4124 1004 4177 ultima
1036 4123 1159 4176 mendosa
1184 4133 1254 4176 sunt.
1298 4122 1432 4193 vulgatur

187 4199 219 4244 et
235 4191 357 4262 vulgares
374 4191 504 4246 aditionas
522 4194 642 4263 reliquit,
661 4195 730 4265 quod
749 4192 797 4246 mi·
831 4193 938 4256 ducenis
957 4194 1119 4274 pedestrium
1141 4193 1296 4261 stipendium
1315 4207 1431 4245 mensum

189 4277 239 4313 nus
257 4259 381 4314 convenit
395 4261 518 4331 sequenti
531 4263 645 4332 tempori
655 4261 795 4332 praesenti.
830 4271 878 4327 est,
896 4263 942 4314 sed
955 4279 982 4315 tn
996 4260 1124 4332 plerisque
1139 4261 1257 4314 omnibus
1271 4259 1343 4314 libris
1356 4261 1431 4314 iustis

224 4331 275 4382 duo
298 4331 374 4383 milia
396 4331 432 4383 iis
454 4333 566 4384 militum
590 4350 648 4384 curis
669 4333 740 4384 mille
757 4341 796 4384 tc·
831 4341 869 4383 est
887 4329 1028 4396 omittitur,
1047 4329 1074 4382 in
1092 4328 1222 4383 nonnullis
1245 4331 1370 4382 streniam
1394 4329 1431 4382 lc-

189 4397 266 4450 lentis
290 4399 364 4466 doto]
401 4399 492 4470 Vulgo
518 4400 560 4454 ltis
588 4403 613 4453 d.
631 4419 664 4452 m.
679 4401 796 4470 peditum
830 4398 917 4470 gitur,
947 4418 1024 4472 porro
1053 4400 1146 4452 duceni
1172 4407 1213 4450 cst
1234 4397 1260 4450 in
1283 4397 1353 4452 Flor.
1377 4397 1430 4452 AD
