3260 5042
490 308 495 316 ’
529 335 579 384 ns
606 333 735 388 crans
761 333 871 384 anax.
898 332 951 400 111,
979 328 1019 376 ra.
1342 316 1393 386 21

145 511 325 604 interfluit,
352 524 392 588 et
416 527 506 589 tunc
531 524 651 588 aestas
677 519 766 600 erar,
793 510 894 582 cuius
920 511 1018 582 calor
1043 535 1117 584 non
1143 515 1250 588 aliam
1276 517 1391 614 magis

146 647 250 720 quam
277 623 421 698 Ciliciae
447 648 549 697 oram
584 644 720 722 vapore
745 619 831 692 solis
857 617 1036 708 accendit,
1070 629 1109 692 et
1133 621 1204 694 diei
1228 624 1391 700 fervidis·

116 733 273 808 tsimum
297 745 443 830 tempus
469 742 672 829 exceperat
725 727 881 802 Pulvere
913 729 1018 802 simul
1049 754 1091 802 ac
1117 729 1248 804 sudore
1273 739 1391 830 partu.

146 869 223 918 sum
248 867 372 939 regem
397 841 570 914 invitavit
594 843 712 938 liquor
736 839 903 926 fluminis,
929 849 972 910 ut
996 839 1151 912 calidum
1176 840 1294 914 adhuc
1315 867 1390 916 cor·

145 980 210 1052 pus
235 953 409 1025 ablueret.
464 951 590 1049 ltaque
615 961 719 1024 veste
753 946 982 1044 depositam
1008 961 1201 1046 conspectu
1228 953 1389 1049 agminis,

145 1062 330 1161 (decorum
356 1085 501 1158 quoque
525 1063 688 1134 flitmum
713 1067 825 1146 rabis,
852 1057 883 1128 si
908 1058 1125 1132 ostendisset
1149 1061 1233 1150 suis,
1259 1063 1331 1134 levi
1351 1075 1390 1136 et

144 1171 292 1268 parabili
330 1173 433 1244 cultu
464 1169 635 1266 corporis
669 1192 709 1242 se
744 1192 824 1242 esse
863 1167 1098 1264 contentum)
1131 1168 1317 1244 descendit
1349 1173 1389 1245 in

114 1279 285 1356 tflumen,
338 1281 488 1376 Vixque
522 1279 674 1375 ingressi
707 1278 827 1352 subito
859 1278 1009 1350 horrore
1042 1288 1143 1352 artus
1167 1279 1284 1376 rigere
1310 1307 1388 1356 coe·

143 1402 292 1488 perunt,
326 1392 444 1489 pallor
475 1387 606 1462 deinde
633 1375 791 1462 suffusus
816 1398 886 1477 est,
923 1399 961 1462 et
985 1396 1102 1460 totum
1120 1389 1388 1486 ,propemodum

113 1525 272 1598 ecorpus
298 1500 420 1574 vitalis
445 1499 545 1572 calor
569 1499 682 1595 liquit
716 1496 907 1596 Expiranti
932 1497 1082 1571 similem
1107 1498 1259 1572 ministri
1276 1525 1388 1574 manu

144 1609 342 1707 excipiunt,
368 1635 437 1683 nec
458 1609 551 1683 satis
577 1619 782 1706 compotem
812 1608 943 1682 mentis
968 1608 1005 1680 in
1030 1606 1302 1682 tabernaculum
1327 1610 1388 1684 de-

143 1721 272 1790 serunt
320 1718 455 1817 Ingens
481 1718 690 1818 ‚sollicitudo
725 1727 777 1803 et,
796 1742 911 1815 paene
941 1717 1014 1790 iam
1046 1720 1163 1792 luctus
1194 1719 1233 1791 in
1258 1723 1386 1794 castris

111 1838 229 1902 terat
270 1828 417 1903 Flentes
442 1829 696 1926 querebantur,
714 1827 753 1900 in
777 1837 881 1901 tanto
906 1827 1039 1926 impetu
1062 1851 1241 1924 cursuque
1266 1854 1388 1904 rerum
1450 1873 1452 1878 ·

144 1939 260 2012 omnis
285 1939 415 2020 aetatis
442 1963 486 2012 ac
509 1938 704 2012 memoriae
730 1937 965 2010 clarissimum
995 1963 1118 2036 regem
1147 1963 1223 2012 non
1248 1940 1285 2012 in
1312 1941 1388 2014 acie
1455 1980 1459 1988 ·

143 2049 283 2138 saltem,
303 2073 376 2121 non
402 2049 450 2122 ab
475 2049 584 2122 hoste
611 2046 803 2138 deiectum,
816 2047 882 2121 s'ed
907 2048 1113 2121 abluentem
1138 2073 1232 2145 aqua
1257 2073 1387 2147 corpus
1445 2080 1453 2092 ·

68 2227 72 2236 .
113 2167 310 2255 rerepmm
334 2182 414 2231 csse
440 2167 480 2232 et
505 2158 715 2232 extinctum
759 2158 899 2233 Instare
924 2157 1101 2248 Dareum,
1126 2160 1300 2234 victorem
1325 2185 1387 2232 au·

142 2276 292 2362 tequam
316 2265 471 2341 vidisset
495 2268 647 2342 hostem.
688 2263 764 2342 Sibi
789 2267 935 2342 easdem
960 2280 1093 2358 terras,
1120 2292 1210 2365 quas
1223 2270 1387 2342 ¹victoria

174 2441 200 2484 et
217 2433 275 2486 diei
287 2432 504 2511 fervidissimum
525 2441 625 2514 tempu
647 2449 693 2486 err
739 2465 751 2476 ·
785 2432 879 2488 coloris
888 2432 1202 2504 eommunicestutrique.
1225 2431 1387 2504 Tumvulgo

142 2501 200 2621 id
233 2499 418 2620 illim
440 2449 752 2623 qqqroeqptnrniip
785 2503 860 2622 iim
875 2503 1007 2623 saaph
1022 2517 1157 2621 Ἣ
1173 2501 1387 2623 'didimi

201 2607 208 2620 .
335 2585 382 2620 erc
443 2585 461 2621 u
611 2587 716 2622 ‚eru
823 2585 944 2623 rossecu
1008 2587 1063 2621 ern.
1156 2586 1194 2622 or.
1312 2587 1363 2622 oss.

142 2635 214 2690 Flor.
233 2635 259 2688 B
274 2634 346 2688 Get
362 2583 638 2708 Ιὲἔὶἲοωίιιιιοφιο
688 2636 741 2690 'ore
800 2637 976 2707 miramurque
997 2635 1152 2689 leideusem
1178 2653 1195 2689 a
1219 2635 1317 2690 tuniba
1340 2655 1387 2692 sua

142 2704 207 2756 item
224 2703 354 2757 Modiana
371 2703 455 2770 libro,
474 2721 535 2758 oum
551 2705 631 2776 vulgo
648 2655 754 2776 degatur
805 2705 951 2772 asciscere),
969 2705 1033 2758 item
1045 2703 1130 2784 bladii
1146 2704 1304 2775 exemplum.
1319 2704 1387 2785 'Fra

143 2769 272 2842 utpotae.
314 2771 373 2824 Nec
389 2779 481 2825 tamen
498 2775 617 2844 excipere
633 2773 753 2827 absolute
838 2790 869 2826 ns
891 2773 962 2843 apud
981 2771 1102 2826 Curtium
1123 2773 1233 2826 verbum
1290 2777 1387 2828 ''ucum

208 2841 327 2909 coepisse
348 2839 400 2894 dici
416 2840 630 2895 existimaverim.
673 2841 753 2912 Apud
798 2860 807 2894 ι
845 2857 919 2908 uere,
943 2839 1068 2911 imprimis
1085 2841 1119 2892 de
1136 2839 1222 2894 animo
1239 2789 1386 2894 dbdeciente.

167 2907 250 2960 'rium
275 2921 311 2986 11,
335 2913 363 2986 t·
382 2910 554 2962 turbulentior
579 2911 641 2962 inde
666 2925 752 2962 aanor
839 2915 879 2961 .t.
898 2926 964 2978 quur
974 2909 1277 2978 uctoriupero'qrorsent
1313 2909 1389 2964 Editi

142 2973 490 3112 &mm-ibi
504 2975 754 3098 mmm
787 2984 894 3097 {tt
909 2975 1265 3098 quffmflaquqq
1310 2976 1389 3096 puae

232 3061 250 3095 a
377 3061 409 3096 ns
566 3061 596 3098 os
695 3086 702 3097 .
894 3083 914 3110 .,
1002 3062 1039 3098 or.
1138 3061 1180 3098 oss
1236 3061 1251 3096 e
1282 3061 1330 3098 rer

143 3083 217 3164 ulmi
235 3111 324 3164 locum
341 3084 505 3182 comparat’
556 3113 684 3166 ammodo
700 3129 753 3165 non
787 3112 844 3166 cius
861 3120 948 3166 sectae
965 3112 1038 3165 libris
1059 3129 1119 3166 mss.
1159 3111 1214 3166 Sed
1236 3061 1390 3166 maiorqull3
1436 3132 1439 3138 ·

143 3179 251 3232 difficile
260 3179 437 3232 semmurum
446 3181 574 3234 attrahas.
591 3180 652 3234 Hoc
665 3189 754 3233 autem
788 3197 875 3233 merus
906 3197 967 3234 omn
1014 3195 1047 3232 ue
1078 3179 1193 3234 melioris
1223 3187 1302 3234 notae
1328 3178 1389 3234 libri

143 3245 202 3300 loeo
225 3263 263 3299 ex
285 3245 342 3326 ipso
365 3246 527 3301 nominativo
540 3249 754 3318 fetidissimum
787 3249 912 3314 victorio,
938 3265 974 3319 qu
1030 3248 1170 3302 restituere
1187 3265 1240 3302 non
1258 3247 1389 3302 dubitavi-

144 3323 246 3384 tempm
271 3317 325 3367 diei
349 3313 552 3386 intelligendum
577 3325 647 3370 esset
668 3319 753 3369 minua
787 3333 853 3370 mus.
896 3315 991 3387 Neque
1016 3317 1085 3370 enim
1111 3316 1139 3369 iu
1164 3316 1215 3370 hac
1237 3315 1390 3370 condicione

135 3385 286 3452 seruidrrr.
788 3383 907 3438 codicum
929 3401 990 3438 mas.
1012 3383 1124 3454 speciem
1144 3385 1278 3455 quandam
1298 3383 1389 3438 verisi-

178 3454 202 3518 ς.
221 3451 485 3569 2.Hpuloqre·rimul
501 3468 534 3504 oc
551 3454 647 3505 rudore
659 3453 751 3532 Pafu-
789 3451 942 3506 militudinis
960 3453 1098 3506 observare
1115 3470 1180 3522 opus
1197 3461 1248 3520 est,
1266 3469 1319 3523 qua
1331 3470 1392 3534 mo-

144 3519 754 3668 reuersurum
787 3519 993 3668 rettudi
1012 3520 1390 3668 reuertitur

144 3653 241 3724 rebqur
256 3671 305 3776 qur
328 3663 475 3734 commuue
497 3655 587 3710 collati
612 3665 675 3708 sunt
700 3672 753 3709 aer·
788 3673 894 3776 proprus
921 3658 1057 3710 accederet
1083 3657 1117 3709 ad
1142 3658 1259 3710 victores
1295 3655 1390 3710 Cicero

144 3731 218 3776 rant.
277 3739 302 3775 rc
318 3730 399 3776 eoam
409 3722 495 3793 paulo
512 3733 574 3796 post
595 3724 688 3777 amicir
701 3741 754 3794 pu·
787 3724 832 3796 qui
851 3741 893 3778 em
910 3723 1020 3778 dixisset
1034 3743 1090 3778 cam
1100 3725 1217 3792 victorio,
1236 3723 1314 3778 sicuti
1322 3724 1391 3777 dixit

144 3793 212 3843 riter
229 3808 264 3844 uc
279 3792 388 3845 medicis
411 3799 441 3844 et
457 3805 521 3860 vm,
542 3799 573 3845 17
597 3793 700 3846 obsides
717 3793 754 3846 ai·
791 3810 816 3862 p.
826 3791 912 3846 Balbo
922 3799 947 3860 t,
962 3796 985 3862 ξ.
997 3799 1027 3846 lt
1045 3793 1120 3846 cuiue
1138 3809 1180 3844 rer
1196 3801 1286 3861 pestere
1303 3809 1391 3846 omnen

145 3861 200 3911 mul
216 3860 356 3912 habiturus
373 3869 397 3912 et
414 3861 522 3914 militer.
545 3859 599 3914 Vul
648 3861 757 3930 puluere
788 3871 878 3930 pentes
896 3877 954 3913 com
971 3862 1121 3914 clarissimo
1134 3861 1392 3914 victoriuterromo-

146 3944 178 3978 oc
195 3929 294 4006 sudore
311 3929 391 3980 simul
403 3929 551 3997 perfusum.
583 3877 650 3982 lldx
667 3938 690 3981 et
703 3945 756 3998 pu-
791 3931 865 3998 rique
875 3937 1077 4009 peroprosseut,
1095 3929 1140 3981 aed
1150 3927 1272 3998 simplicis
1280 3925 1391 4003 ablativi

146 3997 229 4048 rabili
248 4003 313 4054 rtem
329 4012 419 4049 omncs
438 3996 538 4064 nostri,
555 3995 620 4050 editi
638 3999 756 4067 (praeter
790 3995 818 4048 in
835 3995 883 4049 talr
900 4005 1034 4050 structura
1050 4013 1126 4049 usum
1139 3995 1249 4048 Liviana
1265 3995 1391 4068 imprimis

146 4061 238 4132 Mod)
257 4081 298 4116 oc.
789 4064 910 4134 exempla
927 4065 1085 4130 defendunt,
1107 4081 1125 4116 a
1140 4063 1250 4117 Duker-o
1267 4065 1301 4117 ad
1318 4063 1391 4119 Flor.

181 4133 205 4200 ς.
224 4138 251 4186 t.
264 4132 357 4200 pallor
373 4133 468 4185 deiude
485 4133 604 4202 arffusur
622 4141 670 4198 eat,
687 4141 755 4184 et—
790 4147 823 4199 11,
841 4141 852 4186 1
874 4141 952 4185 totam
970 4133 1056 4185 orbem
1074 4141 1204 4186 terrorum
1223 4133 1297 4186 bellis
1312 4135 1391 4188 uicto·

146 4201 254 4253 culorli
270 4201 320 4268 ait]
340 4199 469 4278 Sqffundi
485 4201 520 4253 de
536 4201 633 4254 rubore
650 4209 679 4252 et
696 4217 754 4253 sarr-
789 4203 839 4253 riis
858 4217 889 4253 ue
907 4204 1062 4271 peroqrouit
1088 4207 1117 4254 et
1141 4199 1334 4254 aRuhnkenio
1355 4201 1390 4256 ad

147 4269 229 4388 {plue
299 4267 467 4320 interioribus
480 4269 599 4340 partibus
609 4269 755 4340 prodeunte
788 4217 880 4323 Vellei.
890 4283 924 4334 11,
944 4275 976 4323 89
995 4277 1022 4322 et
1041 4276 1071 4324 97
1092 4287 1145 4322 non
1163 4268 1239 4322 buius
1255 4268 1294 4322 rei
1312 4285 1392 4324 causa

166 4335 247 4390 ‘'tur
273 4333 392 4407 proprie,
419 4353 473 4389 uon
499 4337 564 4391 item
591 4336 696 4408 proprie
721 4337 754 4388 de
789 4338 836 4390 sed
857 4346 888 4390 ut
906 4339 1073 4419 peroproarli
1095 4338 1205 4390 verbum
1229 4337 1391 4392 illustrarent

148 4407 250 4475 pallore
267 4405 312 4476 qui
330 4403 465 4459 inducitur
475 4407 559 4474 faciei,
578 4406 625 4460 aed
642 4405 754 4460 mutatio
789 4405 877 4462 allata
919 4407 1073 4461 omiserunt
1088 4405 1191 4466 Lirimn
1209 4421 1263 4474 ιιι,
1281 4413 1315 4460 20
1332 4423 1391 4461 cren
1490 4465 1492 4470 ,
