<?xml version="1.0" encoding="UTF-8"?>
<!DOCTYPE html PUBLIC "-//W3C//DTD XHTML 1.0 Transitional//EN"
    "http://www.w3.org/TR/xhtml1/DTD/xhtml1-transitional.dtd">
<html xmlns="http://www.w3.org/1999/xhtml" xml:lang="en" lang="en">
 <head>
  <title>
</title>
<meta http-equiv="Content-Type" content="text/html;charset=utf-8" />
  <meta name='ocr-system' content='tesseract 3.04.00' />
  <meta name='ocr-capabilities' content='ocr_page ocr_carea ocr_par ocr_line ocrx_word'/>
</head>
<body>
  <div class='ocr_page' id='page_1' title='image "./qcurtiirufidege03rufugoog_0183.png"; bbox 0 0 3302 5052; ppageno 0'>
   <div class='ocr_carea' id='block_1_1' title="bbox 56 311 928 388">
    <p class='ocr_par' dir='ltr' id='par_1_1' title="bbox 56 311 928 388">
     <span class='ocr_line' id='line_1_1' title="bbox 56 311 928 388; baseline -0.005 -7"><span class='ocrx_word' id='word_1_1' title='bbox 56 347 59 354; x_wconf 70' lang='lat'><em>=</em></span> <span class='ocrx_word' id='word_1_2' title='bbox 161 311 233 381; x_wconf 83' lang='grc'><strong>156</strong></span> <span class='ocrx_word' id='word_1_3' title='bbox 631 324 665 388; x_wconf 79' lang='lat' dir='ltr'><strong>Q·</strong></span> <span class='ocrx_word' id='word_1_4' title='bbox 692 324 817 377; x_wconf 80' lang='lat' dir='ltr'><strong>curru</strong></span> <span class='ocrx_word' id='word_1_5' title='bbox 841 325 928 379; x_wconf 77' lang='lat' dir='ltr'><strong>surr</strong></span> 
     </span>
    </p>
   </div>
   <div class='ocr_carea' id='block_1_2' title="bbox 69 495 1456 1928">
    <p class='ocr_par' dir='ltr' id='par_1_2' title="bbox 155 495 1456 1819">
     <span class='ocr_line' id='line_1_2' title="bbox 157 495 1404 608; baseline 0.002 -27"><span class='ocrx_word' id='word_1_6' title='bbox 157 532 249 607; x_wconf 84' lang='lat' dir='ltr'><strong>quae</strong></span> <span class='ocrx_word' id='word_1_7' title='bbox 274 503 436 578; x_wconf 90' lang='lat' dir='ltr'><strong>nondum</strong></span> <span class='ocrx_word' id='word_1_8' title='bbox 461 505 509 579; x_wconf 84' lang='lat' dir='ltr'><strong>nd</strong></span> <span class='ocrx_word' id='word_1_9' title='bbox 535 533 676 583; x_wconf 85' lang='lat' dir='ltr'><strong>amnem</strong></span> <span class='ocrx_word' id='word_1_10' title='bbox 702 495 952 608; x_wconf 77' lang='lat' dir='ltr'><strong>pervenerant,</strong></span> <span class='ocrx_word' id='word_1_11' title='bbox 978 521 1089 608; x_wconf 86' lang='lat' dir='ltr'><strong>ponte</strong></span> <span class='ocrx_word' id='word_1_12' title='bbox 1114 511 1229 584; x_wconf 90' lang='lat' dir='ltr'><strong>reciso</strong></span> <span class='ocrx_word' id='word_1_13' title='bbox 1256 509 1404 584; x_wconf 85' lang='lat' dir='ltr'><strong>videbat</strong></span> 
     </span>
     <span class='ocr_line' id='line_1_3' title="bbox 156 615 1438 718; baseline -0.002 -28"><span class='ocrx_word' id='word_1_14' title='bbox 156 616 271 690; x_wconf 88' lang='lat' dir='ltr'><strong>hostis</strong></span> <span class='ocrx_word' id='word_1_15' title='bbox 297 615 469 713; x_wconf 84' lang='lat' dir='ltr'><strong>praedam</strong></span> <span class='ocrx_word' id='word_1_16' title='bbox 494 619 580 694; x_wconf 86' lang='lat' dir='ltr'><strong>fore.</strong></span> <span class='ocrx_word' id='word_1_17' title='bbox 619 621 835 710; x_wconf 86' lang='lat' dir='ltr'><strong>Abeuntem,</strong></span> <span class='ocrx_word' id='word_1_18' title='bbox 849 643 932 691; x_wconf 90' lang='lat' dir='ltr'><strong>oum</strong></span> <span class='ocrx_word' id='word_1_19' title='bbox 956 621 1132 690; x_wconf 87' lang='lat' dir='ltr'><strong>intactum</strong></span> <span class='ocrx_word' id='word_1_20' title='bbox 1157 619 1291 691; x_wconf 86' lang='lat' dir='ltr'><strong>sineret</strong></span> <span class='ocrx_word' id='word_1_21' title='bbox 1317 639 1438 718; x_wconf 88' lang='lat' dir='ltr'><strong>pon-s</strong></span> 
     </span>
     <span class='ocr_line' id='line_1_4' title="bbox 157 724 1403 822; baseline 0.001 -22"><span class='ocrx_word' id='word_1_22' title='bbox 157 737 251 818; x_wconf 92' lang='lat' dir='ltr'><strong>tem,</strong></span> <span class='ocrx_word' id='word_1_23' title='bbox 277 725 411 802; x_wconf 84' lang='lat' dir='ltr'>dixisse</span> <span class='ocrx_word' id='word_1_24' title='bbox 438 741 598 822; x_wconf 85' lang='lat' dir='ltr'><strong>constat,</strong></span> <span class='ocrx_word' id='word_1_25' title='bbox 624 731 730 800; x_wconf 84' lang='lat' dir='ltr'><strong>malle</strong></span> <span class='ocrx_word' id='word_1_26' title='bbox 755 752 795 800; x_wconf 89' lang='lat' dir='ltr'><strong>se</strong></span> <span class='ocrx_word' id='word_1_27' title='bbox 822 725 1055 822; x_wconf 90' lang='lat' dir='ltr'><strong>sequentibus</strong></span> <span class='ocrx_word' id='word_1_28' title='bbox 1080 727 1150 798; x_wconf 87' lang='lat' dir='ltr'><strong>iter</strong></span> <span class='ocrx_word' id='word_1_29' title='bbox 1175 724 1273 816; x_wconf 88' lang='lat' dir='ltr'><strong>dare,</strong></span> <span class='ocrx_word' id='word_1_30' title='bbox 1295 753 1403 822; x_wconf 82' lang='lat' dir='ltr'><strong>quam</strong></span> 
     </span>
     <span class='ocr_line' id='line_1_5' title="bbox 157 835 1403 937; baseline -0.002 -27"><span class='ocrx_word' id='word_1_31' title='bbox 157 838 297 914; x_wconf 86' lang='lat' dir='ltr'><strong>auferre</strong></span> <span class='ocrx_word' id='word_1_32' title='bbox 337 840 565 937; x_wconf 81' lang='lat' dir='ltr'><strong>fugientibus.</strong></span> <span class='ocrx_word' id='word_1_33' title='bbox 636 835 719 933; x_wconf 88' lang='lat' dir='ltr'><strong>Ipse</strong></span> <span class='ocrx_word' id='word_1_34' title='bbox 752 837 879 933; x_wconf 90' lang='lat' dir='ltr'><strong>ingens</strong></span> <span class='ocrx_word' id='word_1_35' title='bbox 911 836 1067 934; x_wconf 85' lang='lat' dir='ltr'><strong>spatium</strong></span> <span class='ocrx_word' id='word_1_36' title='bbox 1106 835 1191 934; x_wconf 86' lang='lat' dir='ltr'><strong>luga</strong></span> <span class='ocrx_word' id='word_1_37' title='bbox 1226 860 1403 926; x_wconf 89' lang='lat' dir='ltr'><strong>emensus,</strong></span> 
     </span>
     <span class='ocr_line' id='line_1_6' title="bbox 157 945 870 1044; baseline -0.006 -22"><span class='ocrx_word' id='word_1_38' title='bbox 157 949 278 1024; x_wconf 86' lang='lat' dir='ltr'><strong>media</strong></span> <span class='ocrx_word' id='word_1_39' title='bbox 303 951 379 1024; x_wconf 87' lang='lat' dir='ltr'><strong>fere</strong></span> <span class='ocrx_word' id='word_1_40' title='bbox 405 959 510 1022; x_wconf 90' lang='lat' dir='ltr'><strong>noete</strong></span> <span class='ocrx_word' id='word_1_41' title='bbox 536 945 671 1019; x_wconf 82' lang='lat' dir='ltr'><strong>Arbela</strong></span> <span class='ocrx_word' id='word_1_42' title='bbox 696 947 870 1044; x_wconf 88' lang='lat' dir='ltr'><strong>pervenit</strong></span> 
     </span>
     <span class='ocr_line' id='line_1_7' title="bbox 160 1055 1456 1156; baseline -0.002 -24"><span class='ocrx_word' id='word_1_43' title='bbox 160 1099 162 1106; x_wconf 47' lang='lat'><strong>⁴</strong></span> <span class='ocrx_word' id='word_1_44' title='bbox 262 1059 351 1148; x_wconf 85' lang='lat' dir='ltr'><strong>Quis</strong></span> <span class='ocrx_word' id='word_1_45' title='bbox 377 1069 434 1130; x_wconf 90' lang='lat' dir='ltr'><strong>tot</strong></span> <span class='ocrx_word' id='word_1_46' title='bbox 458 1056 611 1129; x_wconf 87' lang='lat' dir='ltr'><strong>ludibria</strong></span> <span class='ocrx_word' id='word_1_47' title='bbox 637 1057 818 1149; x_wconf 73' lang='lat' dir='ltr'><strong>fortunae,</strong></span> <span class='ocrx_word' id='word_1_48' title='bbox 853 1056 1006 1148; x_wconf 93' lang='lat' dir='ltr'><strong>ducum,</strong></span> <span class='ocrx_word' id='word_1_49' title='bbox 1038 1058 1222 1156; x_wconf 81' lang='lat' dir='ltr'>agminum</span> <span class='ocrx_word' id='word_1_50' title='bbox 1256 1055 1403 1133; x_wconf 88' lang='lat' dir='ltr'><strong>caedem</strong></span> <span class='ocrx_word' id='word_1_51' title='bbox 1421 1073 1456 1123; x_wconf 81' lang='lat'><strong>10</strong></span> 
     </span>
     <span class='ocr_line' id='line_1_8' title="bbox 157 1165 1403 1266; baseline -0.003 -22"><span class='ocrx_word' id='word_1_52' title='bbox 157 1169 408 1265; x_wconf 85' lang='lat' dir='ltr'>multiplicem,</span> <span class='ocrx_word' id='word_1_53' title='bbox 444 1165 667 1240; x_wconf 88' lang='lat' dir='ltr'><strong>devictorum</strong></span> <span class='ocrx_word' id='word_1_54' title='bbox 704 1169 843 1266; x_wconf 84' lang='lat' dir='ltr'><strong>fugam,</strong></span> <span class='ocrx_word' id='word_1_55' title='bbox 878 1167 999 1242; x_wconf 78' lang='lat' dir='ltr'><strong>clades</strong></span> <span class='ocrx_word' id='word_1_56' title='bbox 1036 1191 1132 1240; x_wconf 91' lang='lat' dir='ltr'><strong>nuno</strong></span> <span class='ocrx_word' id='word_1_57' title='bbox 1170 1167 1403 1264; x_wconf 80' lang='lat' dir='ltr'><strong>singulorum,</strong></span> 
     </span>
     <span class='ocr_line' id='line_1_9' title="bbox 157 1277 1402 1374; baseline -0.002 -23"><span class='ocrx_word' id='word_1_58' title='bbox 157 1301 253 1352; x_wconf 89' lang='lat' dir='ltr'><strong>nunc</strong></span> <span class='ocrx_word' id='word_1_59' title='bbox 284 1277 553 1369; x_wconf 88' lang='lat' dir='ltr'><strong>universorum,</strong></span> <span class='ocrx_word' id='word_1_60' title='bbox 587 1289 652 1354; x_wconf 84' lang='lat' dir='ltr'><strong>aut</strong></span> <span class='ocrx_word' id='word_1_61' title='bbox 685 1282 804 1354; x_wconf 90' lang='lat' dir='ltr'><strong>animo</strong></span> <span class='ocrx_word' id='word_1_62' title='bbox 831 1279 973 1374; x_wconf 80' lang='lat' dir='ltr'><strong>assequi</strong></span> <span class='ocrx_word' id='word_1_63' title='bbox 999 1284 1125 1372; x_wconf 80' lang='lat' dir='ltr'><strong>queat,</strong></span> <span class='ocrx_word' id='word_1_64' title='bbox 1151 1286 1216 1348; x_wconf 90' lang='lat' dir='ltr'><strong>aut</strong></span> <span class='ocrx_word' id='word_1_65' title='bbox 1241 1277 1402 1350; x_wconf 85' lang='lat' dir='ltr'><strong>oratione</strong></span> 
     </span>
     <span class='ocr_line' id='line_1_10' title="bbox 157 1385 1403 1487; baseline -0.003 -25"><span class='ocrx_word' id='word_1_66' title='bbox 157 1387 370 1486; x_wconf 80' lang='lat' dir='ltr'><strong>complecti?</strong></span> <span class='ocrx_word' id='word_1_67' title='bbox 409 1386 676 1487; x_wconf 85' lang='lat' dir='ltr'><strong>Propemodum</strong></span> <span class='ocrx_word' id='word_1_68' title='bbox 708 1389 840 1462; x_wconf 88' lang='lat' dir='ltr'><strong>saeculi</strong></span> <span class='ocrx_word' id='word_1_69' title='bbox 873 1411 932 1460; x_wconf 90' lang='lat' dir='ltr'><strong>res</strong></span> <span class='ocrx_word' id='word_1_70' title='bbox 963 1387 1000 1458; x_wconf 91' lang='lat' dir='ltr'><strong>in</strong></span> <span class='ocrx_word' id='word_1_71' title='bbox 1032 1411 1145 1460; x_wconf 90' lang='lat' dir='ltr'><strong>unum</strong></span> <span class='ocrx_word' id='word_1_72' title='bbox 1176 1388 1276 1460; x_wconf 90' lang='lat' dir='ltr'><strong>illum</strong></span> <span class='ocrx_word' id='word_1_73' title='bbox 1307 1385 1403 1460; x_wconf 90' lang='lat' dir='ltr'><strong>diem</strong></span> 
     </span>
     <span class='ocr_line' id='line_1_11' title="bbox 156 1497 1452 1598; baseline -0.008 -24"><span class='ocrx_word' id='word_1_74' title='bbox 156 1499 237 1598; x_wconf 84' lang='lat' dir='ltr'><strong>pro!</strong></span> <span class='ocrx_word' id='word_1_75' title='bbox 263 1499 409 1574; x_wconf 87' lang='lat' dir='ltr'><strong>fortuna</strong></span> <span class='ocrx_word' id='word_1_76' title='bbox 434 1501 638 1573; x_wconf 84' lang='lat' dir='ltr'><strong>cumulavit</strong></span> <span class='ocrx_word' id='word_1_77' title='bbox 677 1499 749 1570; x_wconf 86' lang='lat' dir='ltr'><strong>Alii</strong></span> <span class='ocrx_word' id='word_1_78' title='bbox 775 1523 847 1596; x_wconf 90' lang='lat' dir='ltr'><strong>qua</strong></span> <span class='ocrx_word' id='word_1_79' title='bbox 872 1497 1124 1572; x_wconf 89' lang='lat' dir='ltr'><strong>brevissimum</strong></span> <span class='ocrx_word' id='word_1_80' title='bbox 1149 1497 1300 1596; x_wconf 85' lang='lat' dir='ltr'><strong>patebat</strong></span> <span class='ocrx_word' id='word_1_81' title='bbox 1323 1498 1401 1588; x_wconf 87' lang='lat' dir='ltr'><strong>iter,</strong></span> <span class='ocrx_word' id='word_1_82' title='bbox 1421 1515 1452 1563; x_wconf 91' lang='lat'><strong>11</strong></span> 
     </span>
     <span class='ocr_line' id='line_1_12' title="bbox 158 1607 1401 1708; baseline -0.004 -24"><span class='ocrx_word' id='word_1_83' title='bbox 158 1611 219 1685; x_wconf 83' lang='lat' dir='ltr'><strong>alii</strong></span> <span class='ocrx_word' id='word_1_84' title='bbox 252 1610 388 1684; x_wconf 90' lang='lat' dir='ltr'><strong>divisos</strong></span> <span class='ocrx_word' id='word_1_85' title='bbox 420 1611 532 1684; x_wconf 83' lang='lat' dir='ltr'><strong>saltus</strong></span> <span class='ocrx_word' id='word_1_86' title='bbox 569 1620 607 1682; x_wconf 90' lang='lat' dir='ltr'><strong>et</strong></span> <span class='ocrx_word' id='word_1_87' title='bbox 636 1608 779 1706; x_wconf 79' lang='lat' dir='ltr'><strong>ignotas</strong></span> <span class='ocrx_word' id='word_1_88' title='bbox 813 1609 1044 1708; x_wconf 81' lang='lat' dir='ltr'><strong>sequentibus</strong></span> <span class='ocrx_word' id='word_1_89' title='bbox 1080 1609 1189 1684; x_wconf 83' lang='lat' dir='ltr'><strong>calles</strong></span> <span class='ocrx_word' id='word_1_90' title='bbox 1219 1607 1401 1706; x_wconf 81' lang='lat' dir='ltr'><strong>petebant</strong></span> 
     </span>
     <span class='ocr_line' id='line_1_13' title="bbox 155 1717 1401 1819; baseline -0.005 -23"><span class='ocrx_word' id='word_1_91' title='bbox 155 1720 277 1818; x_wconf 86' lang='lat' dir='ltr'><strong>Eques</strong></span> <span class='ocrx_word' id='word_1_92' title='bbox 303 1719 485 1819; x_wconf 87' lang='lat' dir='ltr'><strong>pedesque</strong></span> <span class='ocrx_word' id='word_1_93' title='bbox 513 1718 650 1791; x_wconf 90' lang='lat' dir='ltr'><strong>confusi</strong></span> <span class='ocrx_word' id='word_1_94' title='bbox 676 1719 753 1794; x_wconf 90' lang='lat' dir='ltr'><strong>sinc</strong></span> <span class='ocrx_word' id='word_1_95' title='bbox 779 1717 882 1811; x_wconf 88' lang='lat' dir='ltr'><strong>duce,</strong></span> <span class='ocrx_word' id='word_1_96' title='bbox 909 1719 1056 1792; x_wconf 84' lang='lat' dir='ltr'><strong>armatis</strong></span> <span class='ocrx_word' id='word_1_97' title='bbox 1074 1719 1240 1809; x_wconf 88' lang='lat' dir='ltr'><strong>inermes,</strong></span> <span class='ocrx_word' id='word_1_98' title='bbox 1253 1719 1401 1816; x_wconf 83' lang='lat' dir='ltr'><strong>integris</strong></span> 
     </span>
    </p>

    <p class='ocr_par' dir='ltr' id='par_1_3' title="bbox 69 1828 1451 1928">
     <span class='ocr_line' id='line_1_14' title="bbox 69 1828 1451 1928; baseline -0.008 -23"><span class='ocrx_word' id='word_1_99' title='bbox 69 1857 88 1911; x_wconf 85' lang='grc'><strong>·,</strong></span> <span class='ocrx_word' id='word_1_100' title='bbox 157 1831 294 1905; x_wconf 90' lang='lat' dir='ltr'><strong>debiles</strong></span> <span class='ocrx_word' id='word_1_101' title='bbox 319 1829 603 1928; x_wconf 83' lang='lat' dir='ltr'><strong>implicabantur.</strong></span> <span class='ocrx_word' id='word_1_102' title='bbox 638 1828 789 1922; x_wconf 86' lang='lat' dir='ltr'><strong>Deinde,</strong></span> <span class='ocrx_word' id='word_1_103' title='bbox 802 1828 1047 1904; x_wconf 85' lang='lat' dir='ltr'><strong>misericordia</strong></span> <span class='ocrx_word' id='word_1_104' title='bbox 1070 1829 1259 1903; x_wconf 89' lang='lat' dir='ltr'><strong>inmetum</strong></span> <span class='ocrx_word' id='word_1_105' title='bbox 1283 1853 1400 1920; x_wconf 78' lang='lat' dir='ltr'><strong>versa,</strong></span> <span class='ocrx_word' id='word_1_106' title='bbox 1419 1847 1451 1894; x_wconf 82' lang='lat'><strong>12</strong></span> 
     </span>
    </p>
   </div>
   <div class='ocr_carea' id='block_1_3' title="bbox 18 2083 1402 3401">
    <p class='ocr_par' dir='ltr' id='par_1_4' title="bbox 155 2083 1402 2433">
     <span class='ocr_line' id='line_1_15' title="bbox 193 2083 1402 2162; baseline -0.002 -17"><span class='ocrx_word' id='word_1_107' title='bbox 193 2090 259 2162; x_wconf 81' lang='lat' dir='ltr'><strong>Gap.</strong></span> <span class='ocrx_word' id='word_1_108' title='bbox 286 2095 336 2158; x_wconf 74' lang='lat' dir='ltr'><strong>st,</strong></span> <span class='ocrx_word' id='word_1_109' title='bbox 361 2093 384 2159; x_wconf 83' lang='lat'><strong>§.</strong></span> <span class='ocrx_word' id='word_1_110' title='bbox 412 2095 437 2144; x_wconf 85' lang='grc'><strong>8.</strong></span> <span class='ocrx_word' id='word_1_111' title='bbox 475 2097 556 2158; x_wconf 82' lang='lat' dir='ltr'><strong>ponte</strong></span> <span class='ocrx_word' id='word_1_112' title='bbox 581 2089 677 2160; x_wconf 76' lang='lat' dir='ltr'><strong>reciso]</strong></span> <span class='ocrx_word' id='word_1_113' title='bbox 717 2087 762 2145; x_wconf 88' lang='lat' dir='ltr'><strong>Sic</strong></span> <span class='ocrx_word' id='word_1_114' title='bbox 796 2097 905 2162; x_wconf 78' lang='lat' dir='ltr'><strong>preater</strong></span> <span class='ocrx_word' id='word_1_115' title='bbox 920 2083 1076 2144; x_wconf 76' lang='lat' dir='ltr'><strong>Meidisnum</strong></span> <span class='ocrx_word' id='word_1_116' title='bbox 1101 2091 1196 2143; x_wconf 80' lang='lat' dir='ltr'><strong>dueum</strong></span> <span class='ocrx_word' id='word_1_117' title='bbox 1214 2085 1402 2159; x_wconf 75' lang='lat' dir='ltr'><strong>&#39;apminmrqae</strong></span> 
     </span>
     <span class='ocr_line' id='line_1_16' title="bbox 156 2157 1402 2230; baseline 0.001 -18"><span class='ocrx_word' id='word_1_118' title='bbox 156 2158 224 2212; x_wconf 83' lang='lat' dir='ltr'><strong>editi</strong></span> <span class='ocrx_word' id='word_1_119' title='bbox 239 2175 340 2226; x_wconf 85' lang='lat' dir='ltr'><strong>omnes,</strong></span> <span class='ocrx_word' id='word_1_120' title='bbox 357 2158 404 2211; x_wconf 86' lang='lat' dir='ltr'><strong>sed</strong></span> <span class='ocrx_word' id='word_1_121' title='bbox 423 2159 495 2230; x_wconf 88' lang='lat' dir='ltr'><strong>quod</strong></span> <span class='ocrx_word' id='word_1_122' title='bbox 508 2157 613 2228; x_wconf 79' lang='lat' dir='ltr'><strong>grsvius</strong></span> <span class='ocrx_word' id='word_1_123' title='bbox 626 2167 669 2212; x_wconf 80' lang='lat' dir='ltr'><strong>est</strong></span> <span class='ocrx_word' id='word_1_124' title='bbox 681 2158 763 2214; x_wconf 73' lang='lat' dir='ltr'><strong>etiem</strong></span> <span class='ocrx_word' id='word_1_125' title='bbox 796 2161 926 2224; x_wconf 55' lang='lat' dir='ltr'><strong>caedam,</strong></span> <span class='ocrx_word' id='word_1_126' title='bbox 944 2158 977 2212; x_wconf 90' lang='lat' dir='ltr'><strong>ln</strong></span> <span class='ocrx_word' id='word_1_127' title='bbox 994 2157 1192 2222; x_wconf 78' lang='lat' dir='ltr'><strong>illoomittitur</strong></span> <span class='ocrx_word' id='word_1_128' title='bbox 1208 2173 1240 2220; x_wconf 83' lang='lat' dir='ltr'><strong>oo</strong></span> <span class='ocrx_word' id='word_1_129' title='bbox 1259 2157 1312 2224; x_wconf 77' lang='lat' dir='ltr'><strong>uls,</strong></span> <span class='ocrx_word' id='word_1_130' title='bbox 1329 2166 1402 2213; x_wconf 83' lang='lat' dir='ltr'><strong>reete</strong></span> 
     </span>
     <span class='ocr_line' id='line_1_17' title="bbox 155 2223 1402 2298; baseline -0.002 -17"><span class='ocrx_word' id='word_1_131' title='bbox 155 2243 218 2280; x_wconf 86' lang='lat' dir='ltr'><strong>mss.</strong></span> <span class='ocrx_word' id='word_1_132' title='bbox 235 2226 311 2281; x_wconf 69' lang='lat' dir='ltr'><strong>codd.</strong></span> <span class='ocrx_word' id='word_1_133' title='bbox 329 2233 437 2298; x_wconf 81' lang='lat' dir='ltr'><strong>praeter</strong></span> <span class='ocrx_word' id='word_1_134' title='bbox 452 2225 524 2279; x_wconf 83' lang='lat' dir='ltr'><strong>Flor.</strong></span> <span class='ocrx_word' id='word_1_135' title='bbox 542 2225 570 2279; x_wconf 90' lang='lat' dir='ltr'>H</span> <span class='ocrx_word' id='word_1_136' title='bbox 587 2233 616 2279; x_wconf 87' lang='lat' dir='ltr'><strong>at</strong></span> <span class='ocrx_word' id='word_1_137' title='bbox 633 2225 714 2280; x_wconf 79' lang='lat' dir='ltr'><strong>Bai-n</strong></span> <span class='ocrx_word' id='word_1_138' title='bbox 727 2227 761 2298; x_wconf 15' lang='lat' dir='ltr'><strong>By.</strong></span> <span class='ocrx_word' id='word_1_139' title='bbox 796 2223 819 2280; x_wconf 90' lang='lat' dir='ltr'><strong>si</strong></span> <span class='ocrx_word' id='word_1_140' title='bbox 835 2225 962 2281; x_wconf 81' lang='lat' dir='ltr'><strong>librorum</strong></span> <span class='ocrx_word' id='word_1_141' title='bbox 979 2244 1040 2279; x_wconf 88' lang='lat' dir='ltr'><strong>mss.</strong></span> <span class='ocrx_word' id='word_1_142' title='bbox 1057 2224 1226 2284; x_wconf 80' lang='lat' dir='ltr'><strong>eonsensuifi</strong></span> <span class='ocrx_word' id='word_1_143' title='bbox 1245 2225 1402 2280; x_wconf 81' lang='lat' dir='ltr'><strong>esbsbends</strong></span> 
     </span>
     <span class='ocr_line' id='line_1_18' title="bbox 156 2293 1401 2368; baseline -0.001 -19"><span class='ocrx_word' id='word_1_144' title='bbox 156 2295 319 2366; x_wconf 72' lang='lat' dir='ltr'><strong>Temperare</strong></span> <span class='ocrx_word' id='word_1_145' title='bbox 345 2303 435 2348; x_wconf 83' lang='lat' dir='ltr'><strong>tamen</strong></span> <span class='ocrx_word' id='word_1_146' title='bbox 461 2293 524 2347; x_wconf 83' lang='lat' dir='ltr'><strong>r&#39;nihi</strong></span> <span class='ocrx_word' id='word_1_147' title='bbox 541 2293 586 2348; x_wconf 81' lang='lat' dir='ltr'><strong>vix</strong></span> <span class='ocrx_word' id='word_1_148' title='bbox 603 2294 679 2366; x_wconf 89' lang='lat' dir='ltr'><strong>potui</strong></span> <span class='ocrx_word' id='word_1_149' title='bbox 696 2313 762 2368; x_wconf 87' lang='lat' dir='ltr'><strong>quo-</strong></span> <span class='ocrx_word' id='word_1_150' title='bbox 795 2302 845 2348; x_wconf 78' lang='lat' dir='ltr'><strong>est</strong></span> <span class='ocrx_word' id='word_1_151' title='bbox 879 2293 940 2348; x_wconf 84' lang='lat' dir='ltr'><strong>Neo</strong></span> <span class='ocrx_word' id='word_1_152' title='bbox 956 2295 1111 2364; x_wconf 78' lang='lat' dir='ltr'><strong>uyndeton-</strong></span> <span class='ocrx_word' id='word_1_153' title='bbox 1125 2294 1153 2348; x_wconf 90' lang='lat' dir='ltr'><strong>in</strong></span> <span class='ocrx_word' id='word_1_154' title='bbox 1170 2294 1274 2348; x_wconf 88' lang='lat' dir='ltr'><strong>dnobus</strong></span> <span class='ocrx_word' id='word_1_155' title='bbox 1289 2293 1401 2349; x_wconf 84' lang='lat' dir='ltr'><strong>nomini·</strong></span> 
     </span>
     <span class='ocr_line' id='line_1_19' title="bbox 155 2361 1401 2433; baseline -0.002 -16"><span class='ocrx_word' id='word_1_156' title='bbox 155 2363 242 2418; x_wconf 85' lang='lat' dir='ltr'><strong>minus</strong></span> <span class='ocrx_word' id='word_1_157' title='bbox 259 2365 373 2417; x_wconf 81' lang='lat' dir='ltr'><strong>rescisso</strong></span> <span class='ocrx_word' id='word_1_158' title='bbox 390 2361 558 2433; x_wconf 79' lang='lat' dir='ltr'><strong>corrigerem,</strong></span> <span class='ocrx_word' id='word_1_159' title='bbox 576 2361 644 2416; x_wconf 73' lang='lat' dir='ltr'><strong>deut</strong></span> <span class='ocrx_word' id='word_1_160' title='bbox 661 2362 762 2418; x_wconf 89' lang='lat' dir='ltr'><strong>illiduo</strong></span> <span class='ocrx_word' id='word_1_161' title='bbox 795 2364 846 2417; x_wconf 90' lang='lat' dir='ltr'><strong>bus</strong></span> <span class='ocrx_word' id='word_1_162' title='bbox 871 2364 906 2418; x_wconf 85' lang='lat' dir='ltr'><strong>sb</strong></span> <span class='ocrx_word' id='word_1_163' title='bbox 933 2362 1050 2417; x_wconf 79' lang='lat' dir='ltr'><strong>oratorio</strong></span> <span class='ocrx_word' id='word_1_164' title='bbox 1075 2361 1138 2417; x_wconf 88' lang='lat' dir='ltr'><strong>stilo</strong></span> <span class='ocrx_word' id='word_1_165' title='bbox 1163 2363 1307 2428; x_wconf 77' lang='lat' dir='ltr'><strong>abhorret,</strong></span> <span class='ocrx_word' id='word_1_166' title='bbox 1341 2362 1401 2416; x_wconf 85' lang='lat' dir='ltr'><strong>vide</strong></span> 
     </span>
    </p>

    <p class='ocr_par' dir='ltr' id='par_1_5' title="bbox 49 2429 1402 2776">
     <span class='ocr_line' id='line_1_20' title="bbox 49 2429 1402 2504; baseline -0.001 -18"><span class='ocrx_word' id='word_1_167' title='bbox 49 2431 52 2438; x_wconf 83' lang='grc'><strong>’</strong></span> <span class='ocrx_word' id='word_1_168' title='bbox 88 2439 90 2448; x_wconf 83' lang='grc'>’</span> <span class='ocrx_word' id='word_1_169' title='bbox 156 2449 211 2486; x_wconf 92' lang='lat' dir='ltr'><strong>non</strong></span> <span class='ocrx_word' id='word_1_170' title='bbox 231 2431 295 2486; x_wconf 89' lang='lat' dir='ltr'><strong>boni</strong></span> <span class='ocrx_word' id='word_1_171' title='bbox 318 2430 419 2485; x_wconf 84' lang='lat' dir='ltr'><strong>codices</strong></span> <span class='ocrx_word' id='word_1_172' title='bbox 442 2431 577 2484; x_wconf 84' lang='lat' dir='ltr'><strong>exhibent.</strong></span> <span class='ocrx_word' id='word_1_173' title='bbox 611 2429 682 2485; x_wconf 80' lang='lat' dir='ltr'><strong>Nem</strong></span> <span class='ocrx_word' id='word_1_174' title='bbox 706 2432 762 2504; x_wconf 88' lang='lat' dir='ltr'><strong>pri-</strong></span> <span class='ocrx_word' id='word_1_175' title='bbox 795 2449 875 2503; x_wconf 81' lang='lat' dir='ltr'><strong>supra</strong></span> <span class='ocrx_word' id='word_1_176' title='bbox 892 2449 914 2486; x_wconf 81' lang='lat' dir='ltr'><strong>a</strong></span> <span class='ocrx_word' id='word_1_177' title='bbox 934 2437 985 2499; x_wconf 75' lang='lat'><strong>⁵4,</strong></span> <span class='ocrx_word' id='word_1_178' title='bbox 1014 2437 1046 2486; x_wconf 79' lang='lat' dir='ltr'><strong>lt</strong></span> <span class='ocrx_word' id='word_1_179' title='bbox 1070 2433 1153 2485; x_wconf 72' lang='lat' dir='ltr'><strong>sciar</strong></span> <span class='ocrx_word' id='word_1_180' title='bbox 1170 2447 1280 2498; x_wconf 81' lang='lat' dir='ltr'><strong>onnam,</strong></span> <span class='ocrx_word' id='word_1_181' title='bbox 1304 2433 1402 2485; x_wconf 67' lang='lat' dir='ltr'><strong>abou-</strong></span> 
     </span>
     <span class='ocr_line' id='line_1_21' title="bbox 154 2501 1288 2570; baseline 0.002 -16"><span class='ocrx_word' id='word_1_182' title='bbox 154 2519 227 2555; x_wconf 86' lang='lat' dir='ltr'><strong>mmn</strong></span> <span class='ocrx_word' id='word_1_183' title='bbox 243 2502 393 2555; x_wconf 79' lang='lat' dir='ltr'><strong>rescindere</strong></span> <span class='ocrx_word' id='word_1_184' title='bbox 409 2508 442 2554; x_wconf 90' lang='lat' dir='ltr'><strong>ut</strong></span> <span class='ocrx_word' id='word_1_185' title='bbox 457 2501 646 2554; x_wconf 77' lang='lat' dir='ltr'><strong>interscindere</strong></span> <span class='ocrx_word' id='word_1_186' title='bbox 658 2511 761 2570; x_wconf 78' lang='lat' dir='ltr'><strong>pontem</strong></span> <span class='ocrx_word' id='word_1_187' title='bbox 795 2510 872 2554; x_wconf 83' lang='lat' dir='ltr'><strong>stam.</strong></span> <span class='ocrx_word' id='word_1_188' title='bbox 1285 2553 1288 2556; x_wconf 87' lang='lat'>.</span> 
     </span>
     <span class='ocr_line' id='line_1_22' title="bbox 155 2567 1401 2640; baseline -0.002 -17"><span class='ocrx_word' id='word_1_189' title='bbox 155 2577 258 2623; x_wconf 82' lang='lat' dir='ltr'><strong>eertum</strong></span> <span class='ocrx_word' id='word_1_190' title='bbox 283 2577 325 2622; x_wconf 85' lang='lat' dir='ltr'><strong>est</strong></span> <span class='ocrx_word' id='word_1_191' title='bbox 351 2568 425 2636; x_wconf 83' lang='lat' dir='ltr'><strong>(ride</strong></span> <span class='ocrx_word' id='word_1_192' title='bbox 450 2567 533 2622; x_wconf 81' lang='lat' dir='ltr'><strong>Drslr.</strong></span> <span class='ocrx_word' id='word_1_193' title='bbox 559 2568 601 2622; x_wconf 81' lang='lat' dir='ltr'><strong>sd.</strong></span> <span class='ocrx_word' id='word_1_194' title='bbox 619 2567 677 2622; x_wconf 84' lang='lat' dir='ltr'><strong>Liv.</strong></span> <span class='ocrx_word' id='word_1_195' title='bbox 695 2569 761 2640; x_wconf 85' lang='lat' dir='ltr'><strong>epit.</strong></span> <span class='ocrx_word' id='word_1_196' title='bbox 824 2569 897 2638; x_wconf 83' lang='lat' dir='ltr'><strong>pro!</strong></span> <span class='ocrx_word' id='word_1_197' title='bbox 921 2570 1038 2638; x_wconf 80' lang='lat' dir='ltr'><strong>fortuna</strong></span> <span class='ocrx_word' id='word_1_198' title='bbox 1073 2568 1226 2638; x_wconf 74' lang='lat' dir='ltr'><strong>mmulnvr&#39;t]</strong></span> <span class='ocrx_word' id='word_1_199' title='bbox 1271 2567 1401 2622; x_wconf 77' lang='lat' dir='ltr'><strong>Voculam</strong></span> 
     </span>
     <span class='ocr_line' id='line_1_23' title="bbox 154 2634 1400 2757; baseline -0.002 -66"><span class='ocrx_word' id='word_1_200' title='bbox 154 2635 216 2691; x_wconf 82' lang='lat' dir='ltr'><strong>libri</strong></span> <span class='ocrx_word' id='word_1_201' title='bbox 236 2639 267 2706; x_wconf 77' lang='lat'><strong>2)</strong></span> <span class='ocrx_word' id='word_1_202' title='bbox 301 2645 330 2690; x_wconf 92' lang='lat' dir='ltr'><strong>et</strong></span> <span class='ocrx_word' id='word_1_203' title='bbox 357 2637 481 2757; x_wconf 79' lang='lat' dir='ltr'><strong>sreqpens</strong></span> <span class='ocrx_word' id='word_1_204' title='bbox 508 2637 579 2716; x_wconf 78' lang='lat' dir='ltr'><strong>apud</strong></span> <span class='ocrx_word' id='word_1_205' title='bbox 610 2635 760 2706; x_wconf 78' lang='lat' dir='ltr'><strong>Caesarem,</strong></span> <span class='ocrx_word' id='word_1_206' title='bbox 789 2654 843 2707; x_wconf 85' lang='lat' dir='ltr'><strong>pro</strong></span> <span class='ocrx_word' id='word_1_207' title='bbox 860 2635 915 2690; x_wconf 83' lang='lat' dir='ltr'><strong>sive</strong></span> <span class='ocrx_word' id='word_1_208' title='bbox 926 2640 997 2706; x_wconf 80' lang='lat' dir='ltr'><strong>prot</strong></span> <span class='ocrx_word' id='word_1_209' title='bbox 1012 2634 1100 2705; x_wconf 78' lang='lat' dir='ltr'><strong>(Flos.</strong></span> <span class='ocrx_word' id='word_1_210' title='bbox 1114 2635 1216 2702; x_wconf 69' lang='grc' dir='ltr'><strong>ΠΕΡΙ)</strong></span> <span class='ocrx_word' id='word_1_211' title='bbox 1233 2653 1324 2690; x_wconf 86' lang='lat' dir='ltr'><strong>omnes</strong></span> <span class='ocrx_word' id='word_1_212' title='bbox 1341 2635 1400 2690; x_wconf 79' lang='lat' dir='ltr'><strong>libri</strong></span> 
     </span>
     <span class='ocr_line' id='line_1_24' title="bbox 154 2704 1401 2776; baseline -0.002 -17"><span class='ocrx_word' id='word_1_213' title='bbox 154 2705 251 2759; x_wconf 76' lang='lat' dir='ltr'><strong>deinde</strong></span> <span class='ocrx_word' id='word_1_214' title='bbox 267 2707 398 2759; x_wconf 83' lang='lat' dir='ltr'><strong>rescissus</strong></span> <span class='ocrx_word' id='word_1_215' title='bbox 424 2705 513 2776; x_wconf 87' lang='lat' dir='ltr'><strong>egitur</strong></span> <span class='ocrx_word' id='word_1_216' title='bbox 525 2724 553 2758; x_wconf 89' lang='lat' dir='ltr'><strong>m</strong></span> <span class='ocrx_word' id='word_1_217' title='bbox 567 2704 674 2775; x_wconf 89' lang='lat' dir='ltr'><strong>optimis</strong></span> <span class='ocrx_word' id='word_1_218' title='bbox 683 2707 759 2760; x_wconf 88' lang='lat' dir='ltr'><strong>codd.</strong></span> <span class='ocrx_word' id='word_1_219' title='bbox 794 2723 855 2760; x_wconf 88' lang='lat' dir='ltr'><strong>mss.</strong></span> <span class='ocrx_word' id='word_1_220' title='bbox 873 2714 1030 2775; x_wconf 75' lang='lat' dir='ltr'><strong>agnoscunt,</strong></span> <span class='ocrx_word' id='word_1_221' title='bbox 1048 2704 1163 2758; x_wconf 82' lang='lat' dir='ltr'><strong>editores</strong></span> <span class='ocrx_word' id='word_1_222' title='bbox 1175 2713 1265 2757; x_wconf 79' lang='lat' dir='ltr'><strong>tamen</strong></span> <span class='ocrx_word' id='word_1_223' title='bbox 1282 2721 1401 2758; x_wconf 71' lang='lat' dir='ltr'><strong>meone·</strong></span> 
     </span>
    </p>

    <p class='ocr_par' dir='ltr' id='par_1_6' title="bbox 18 2772 1400 2980">
     <span class='ocr_line' id='line_1_25' title="bbox 18 2772 1399 2844; baseline -0.001 -17"><span class='ocrx_word' id='word_1_224' title='bbox 18 2833 22 2844; x_wconf 52' lang='grc'><strong>,</strong></span> <span class='ocrx_word' id='word_1_225' title='bbox 155 2774 227 2844; x_wconf 73' lang='lat' dir='ltr'><strong>apud</strong></span> <span class='ocrx_word' id='word_1_226' title='bbox 244 2773 316 2827; x_wconf 82' lang='lat' dir='ltr'><strong>Flor.</strong></span> <span class='ocrx_word' id='word_1_227' title='bbox 326 2788 346 2840; x_wconf 89' lang='lat' dir='ltr'><strong>r,</strong></span> <span class='ocrx_word' id='word_1_228' title='bbox 367 2779 406 2836; x_wconf 89' lang='grc'><strong>10,</strong></span> <span class='ocrx_word' id='word_1_229' title='bbox 423 2783 440 2827; x_wconf 82' lang='grc'><strong>4</strong></span> <span class='ocrx_word' id='word_1_230' title='bbox 457 2782 486 2826; x_wconf 88' lang='lat' dir='ltr'><strong>et</strong></span> <span class='ocrx_word' id='word_1_231' title='bbox 503 2787 548 2836; x_wconf 80' lang='lat'><strong>111,</strong></span> <span class='ocrx_word' id='word_1_232' title='bbox 568 2779 609 2840; x_wconf 88' lang='grc'><strong>10,</strong></span> <span class='ocrx_word' id='word_1_233' title='bbox 626 2781 653 2840; x_wconf 82' lang='lat'><strong>8,</strong></span> <span class='ocrx_word' id='word_1_234' title='bbox 671 2774 762 2828; x_wconf 86' lang='lat' dir='ltr'><strong>editur</strong></span> <span class='ocrx_word' id='word_1_235' title='bbox 794 2782 867 2840; x_wconf 89' lang='lat' dir='ltr'><strong>runt,</strong></span> <span class='ocrx_word' id='word_1_236' title='bbox 886 2791 940 2826; x_wconf 90' lang='lat' dir='ltr'><strong>non</strong></span> <span class='ocrx_word' id='word_1_237' title='bbox 957 2781 1031 2826; x_wconf 85' lang='lat' dir='ltr'><strong>recta</strong></span> <span class='ocrx_word' id='word_1_238' title='bbox 1046 2787 1186 2842; x_wconf 78' lang='lat' dir='ltr'><strong>nequeas</strong></span> <span class='ocrx_word' id='word_1_239' title='bbox 1203 2772 1255 2825; x_wconf 88' lang='lat' dir='ltr'><strong>fide</strong></span> <span class='ocrx_word' id='word_1_240' title='bbox 1268 2789 1324 2826; x_wconf 75' lang='lat' dir='ltr'><strong>sna</strong></span> <span class='ocrx_word' id='word_1_241' title='bbox 1341 2772 1399 2826; x_wconf 85' lang='lat' dir='ltr'><strong>Liv.</strong></span> 
     </span>
     <span class='ocr_line' id='line_1_26' title="bbox 85 2840 1400 2912; baseline -0.002 -14"><span class='ocrx_word' id='word_1_242' title='bbox 85 2895 86 2898; x_wconf 76' lang='grc'>,</span> <span class='ocrx_word' id='word_1_243' title='bbox 155 2849 245 2896; x_wconf 68' lang='lat' dir='ltr'><strong>tamen</strong></span> <span class='ocrx_word' id='word_1_244' title='bbox 271 2858 341 2912; x_wconf 82' lang='lat' dir='ltr'><strong>quse</strong></span> <span class='ocrx_word' id='word_1_245' title='bbox 366 2841 447 2912; x_wconf 86' lang='lat' dir='ltr'><strong>ipsius</strong></span> <span class='ocrx_word' id='word_1_246' title='bbox 464 2840 567 2894; x_wconf 82' lang='lat' dir='ltr'><strong>Dukerl</strong></span> <span class='ocrx_word' id='word_1_247' title='bbox 584 2840 762 2896; x_wconf 80' lang='lat' dir='ltr'><strong>inconstantis</strong></span> <span class='ocrx_word' id='word_1_248' title='bbox 794 2855 872 2909; x_wconf 78' lang='lat' dir='ltr'><strong>xxm,</strong></span> <span class='ocrx_word' id='word_1_249' title='bbox 902 2849 934 2894; x_wconf 79' lang='lat'><strong>14</strong></span> <span class='ocrx_word' id='word_1_250' title='bbox 959 2849 1059 2894; x_wconf 76' lang='lat' dir='ltr'><strong>tamtam</strong></span> <span class='ocrx_word' id='word_1_251' title='bbox 1078 2841 1148 2909; x_wconf 82' lang='lat' dir='ltr'><strong>pro!</strong></span> <span class='ocrx_word' id='word_1_252' title='bbox 1174 2843 1360 2910; x_wconf 71' lang='lat' dir='ltr'><strong>deponeremus</strong></span> <span class='ocrx_word' id='word_1_253' title='bbox 1381 2859 1400 2894; x_wconf 86' lang='lat' dir='ltr'><strong>a</strong></span> 
     </span>
     <span class='ocr_line' id='line_1_27' title="bbox 154 2908 1400 2980; baseline -0.001 -16"><span class='ocrx_word' id='word_1_254' title='bbox 154 2918 197 2964; x_wconf 85' lang='lat' dir='ltr'><strong>est</strong></span> <span class='ocrx_word' id='word_1_255' title='bbox 213 2909 298 2964; x_wconf 73' lang='lat' dir='ltr'><strong>altero</strong></span> <span class='ocrx_word' id='word_1_256' title='bbox 316 2919 420 2963; x_wconf 82' lang='lat' dir='ltr'><strong>tuntum</strong></span> <span class='ocrx_word' id='word_1_257' title='bbox 439 2910 510 2976; x_wconf 87' lang='lat' dir='ltr'><strong>loco,</strong></span> <span class='ocrx_word' id='word_1_258' title='bbox 535 2927 594 2962; x_wconf 90' lang='lat' dir='ltr'><strong>oum</strong></span> <span class='ocrx_word' id='word_1_259' title='bbox 631 2910 701 2964; x_wconf 76' lang='lat' dir='ltr'><strong>riom</strong></span> <span class='ocrx_word' id='word_1_260' title='bbox 718 2928 760 2964; x_wconf 87' lang='lat' dir='ltr'><strong>re·</strong></span> <span class='ocrx_word' id='word_1_261' title='bbox 793 2911 947 2980; x_wconf 78' lang='lat' dir='ltr'><strong>parentebus</strong></span> <span class='ocrx_word' id='word_1_262' title='bbox 964 2910 1073 2975; x_wconf 77' lang='lat' dir='ltr'><strong>nostris,</strong></span> <span class='ocrx_word' id='word_1_263' title='bbox 1092 2908 1137 2962; x_wconf 91' lang='lat' dir='ltr'><strong>ubi</strong></span> <span class='ocrx_word' id='word_1_264' title='bbox 1155 2917 1219 2962; x_wconf 80' lang='lat' dir='ltr'><strong>anta</strong></span> <span class='ocrx_word' id='word_1_265' title='bbox 1236 2908 1400 2963; x_wconf 84' lang='lat' dir='ltr'><strong>Gronovium</strong></span> 
     </span>
    </p>

    <p class='ocr_par' dir='ltr' id='par_1_7' title="bbox 99 2927 1400 3196">
     <span class='ocr_line' id='line_1_28' title="bbox 99 2927 1400 3061; baseline -0.002 -27"><span class='ocrx_word' id='word_1_266' title='bbox 99 3028 102 3034; x_wconf 83' lang='grc'><em>,</em></span> <span class='ocrx_word' id='word_1_267' title='bbox 154 2980 209 3033; x_wconf 83' lang='lat' dir='ltr'><strong>os&#39;so</strong></span> <span class='ocrx_word' id='word_1_268' title='bbox 231 2988 318 3050; x_wconf 74' lang='lat' dir='ltr'><strong>ponte¹</strong></span> <span class='ocrx_word' id='word_1_269' title='bbox 342 2978 411 3061; x_wconf 72' lang='lat' dir='ltr'><strong>mpla</strong></span> <span class='ocrx_word' id='word_1_270' title='bbox 436 2977 556 3058; x_wconf 61' lang='lat' dir='ltr'><strong>sempsit</strong></span> <span class='ocrx_word' id='word_1_271' title='bbox 600 2927 760 3061; x_wconf 55' lang='lat' dir='ltr'><strong>(beebodips</strong></span> <span class='ocrx_word' id='word_1_272' title='bbox 789 2981 859 3048; x_wconf 78' lang='lat' dir='ltr'><strong>prol</strong></span> <span class='ocrx_word' id='word_1_273' title='bbox 877 2980 953 3032; x_wconf 84' lang='lat' dir='ltr'><strong>dolor</strong></span> <span class='ocrx_word' id='word_1_274' title='bbox 969 2977 1108 3033; x_wconf 82' lang='lat' dir='ltr'><strong>sciolorum</strong></span> <span class='ocrx_word' id='word_1_275' title='bbox 1130 2976 1341 3032; x_wconf 73' lang='lat' dir='ltr'><strong>additamentum</strong></span> <span class='ocrx_word' id='word_1_276' title='bbox 1362 2977 1400 3032; x_wconf 84' lang='lat' dir='ltr'><strong>lo·</strong></span> 
     </span>
     <span class='ocr_line' id='line_1_29' title="bbox 153 3045 1400 3196; baseline -0.001 -28"><span class='ocrx_word' id='word_1_277' title='bbox 153 3053 270 3186; x_wconf 57' lang='lat' dir='ltr'><strong>pphppqpp</strong></span> <span class='ocrx_word' id='word_1_278' title='bbox 295 3063 421 3186; x_wconf 55' lang='lat' dir='ltr'><strong>gpicpsqq</strong></span> <span class='ocrx_word' id='word_1_279' title='bbox 449 3045 624 3196; x_wconf 44' lang='lat' dir='ltr'><strong>ppdeppppenbr</strong></span> <span class='ocrx_word' id='word_1_280' title='bbox 639 3047 760 3195; x_wconf 37' lang='lat' dir='ltr'><strong>&#39;tfiidtbi</strong></span> <span class='ocrx_word' id='word_1_281' title='bbox 794 3047 917 3194; x_wconf 40' lang='lat' dir='ltr'><strong>engadi.</strong></span> <span class='ocrx_word' id='word_1_282' title='bbox 937 3091 1035 3194; x_wconf 59' lang='lat' dir='ltr'><strong>diuisos</strong></span> <span class='ocrx_word' id='word_1_283' title='bbox 1053 3116 1139 3194; x_wconf 67' lang='lat' dir='ltr'><strong>sottus</strong></span> <span class='ocrx_word' id='word_1_284' title='bbox 1155 3124 1179 3168; x_wconf 87' lang='lat' dir='ltr'><strong>et</strong></span> <span class='ocrx_word' id='word_1_285' title='bbox 1197 3081 1301 3195; x_wconf 68' lang='lat' dir='ltr'><strong>ippotae</strong></span> <span class='ocrx_word' id='word_1_286' title='bbox 1319 3115 1400 3168; x_wconf 73' lang='lat' dir='ltr'><strong>cultu</strong></span> 
     </span>
    </p>

    <p class='ocr_par' dir='ltr' id='par_1_8' title="bbox 153 3182 1400 3323">
     <span class='ocr_line' id='line_1_30' title="bbox 153 3182 1397 3254; baseline -0.002 -16"><span class='ocrx_word' id='word_1_287' title='bbox 153 3185 252 3248; x_wconf 78' lang='lat' dir='ltr'><strong>recisos</strong></span> <span class='ocrx_word' id='word_1_288' title='bbox 275 3183 371 3250; x_wconf 79' lang='lat' dir='ltr'><strong>fustes,</strong></span> <span class='ocrx_word' id='word_1_289' title='bbox 397 3201 511 3237; x_wconf 73' lang='lat' dir='ltr'><strong>recisum</strong></span> <span class='ocrx_word' id='word_1_290' title='bbox 533 3191 659 3237; x_wconf 78' lang='lat' dir='ltr'><strong>orationis</strong></span> <span class='ocrx_word' id='word_1_291' title='bbox 677 3185 762 3238; x_wconf 80' lang='lat' dir='ltr'><strong>ebun-</strong></span> <span class='ocrx_word' id='word_1_292' title='bbox 795 3199 830 3236; x_wconf 89' lang='lat' dir='ltr'><strong>ex</strong></span> <span class='ocrx_word' id='word_1_293' title='bbox 860 3191 1036 3254; x_wconf 78' lang='lat' dir='ltr'><strong>integerrimis</strong></span> <span class='ocrx_word' id='word_1_294' title='bbox 1071 3182 1144 3236; x_wconf 83' lang='lat' dir='ltr'><strong>bbrrs</strong></span> <span class='ocrx_word' id='word_1_295' title='bbox 1178 3183 1253 3236; x_wconf 82' lang='lat' dir='ltr'><strong>Lcrd.</strong></span> <span class='ocrx_word' id='word_1_296' title='bbox 1280 3182 1356 3236; x_wconf 89' lang='lat' dir='ltr'><strong>Voss.</strong></span> <span class='ocrx_word' id='word_1_297' title='bbox 1384 3189 1397 3235; x_wconf 88' lang='lat' dir='ltr'><strong>l</strong></span> 
     </span>
     <span class='ocr_line' id='line_1_31' title="bbox 153 3249 1400 3323; baseline -0.001 -18"><span class='ocrx_word' id='word_1_298' title='bbox 153 3250 284 3318; x_wconf 81' lang='lat' dir='ltr'><strong>dsntism,</strong></span> <span class='ocrx_word' id='word_1_299' title='bbox 311 3260 341 3306; x_wconf 84' lang='lat' dir='ltr'><strong>et</strong></span> <span class='ocrx_word' id='word_1_300' title='bbox 363 3259 471 3323; x_wconf 90' lang='lat' dir='ltr'><strong>pontem</strong></span> <span class='ocrx_word' id='word_1_301' title='bbox 488 3253 628 3304; x_wconf 78' lang='lat' dir='ltr'><strong>rescissum</strong></span> <span class='ocrx_word' id='word_1_302' title='bbox 645 3251 700 3305; x_wconf 79' lang='lat' dir='ltr'><strong>sive</strong></span> <span class='ocrx_word' id='word_1_303' title='bbox 716 3271 761 3306; x_wconf 90' lang='lat' dir='ltr'><strong>ru·</strong></span> <span class='ocrx_word' id='word_1_304' title='bbox 792 3251 877 3304; x_wconf 84' lang='lat' dir='ltr'><strong>Bam.</strong></span> <span class='ocrx_word' id='word_1_305' title='bbox 894 3253 920 3304; x_wconf 80' lang='lat' dir='ltr'><strong>A</strong></span> <span class='ocrx_word' id='word_1_306' title='bbox 937 3250 1008 3306; x_wconf 82' lang='lat' dir='ltr'><strong>Flor.</strong></span> <span class='ocrx_word' id='word_1_307' title='bbox 1030 3249 1080 3304; x_wconf 83' lang='lat' dir='ltr'><strong>AB</strong></span> <span class='ocrx_word' id='word_1_308' title='bbox 1107 3250 1172 3304; x_wconf 88' lang='lat' dir='ltr'><strong>dedi</strong></span> <span class='ocrx_word' id='word_1_309' title='bbox 1191 3269 1240 3322; x_wconf 92' lang='lat' dir='ltr'><strong>pro</strong></span> <span class='ocrx_word' id='word_1_310' title='bbox 1262 3251 1335 3321; x_wconf 81' lang='lat' dir='ltr'><strong>vulg.</strong></span> <span class='ocrx_word' id='word_1_311' title='bbox 1360 3253 1400 3304; x_wconf 81' lang='lat' dir='ltr'><strong>di-</strong></span> 
     </span>
    </p>

    <p class='ocr_par' dir='ltr' id='par_1_9' title="bbox 155 3319 1399 3401">
     <span class='ocr_line' id='line_1_32' title="bbox 155 3319 1399 3401; baseline -0.002 -25"><span class='ocrx_word' id='word_1_312' title='bbox 155 3327 239 3391; x_wconf 68' lang='lat' dir='ltr'><strong>punt</strong></span> <span class='ocrx_word' id='word_1_313' title='bbox 273 3319 344 3374; x_wconf 88' lang='lat' dir='ltr'><strong>Vide</strong></span> <span class='ocrx_word' id='word_1_314' title='bbox 361 3338 441 3401; x_wconf 83' lang='lat' dir='ltr'><strong>supra</strong></span> <span class='ocrx_word' id='word_1_315' title='bbox 463 3320 497 3373; x_wconf 82' lang='lat' dir='ltr'><strong>ad</strong></span> <span class='ocrx_word' id='word_1_316' title='bbox 514 3338 538 3374; x_wconf 91' lang='lat' dir='ltr'><strong>c.</strong></span> <span class='ocrx_word' id='word_1_317' title='bbox 556 3327 597 3372; x_wconf 80' lang='lat' dir='ltr'><strong>st.</strong></span> <span class='ocrx_word' id='word_1_318' title='bbox 633 3320 674 3374; x_wconf 91' lang='lat' dir='ltr'><strong>Ut</strong></span> <span class='ocrx_word' id='word_1_319' title='bbox 691 3339 761 3376; x_wconf 86' lang='lat' dir='ltr'><strong>nunc</strong></span> <span class='ocrx_word' id='word_1_320' title='bbox 794 3337 883 3373; x_wconf 80' lang='lat' dir='ltr'><strong>rerem</strong></span> <span class='ocrx_word' id='word_1_321' title='bbox 900 3321 985 3374; x_wconf 80' lang='lat' dir='ltr'><strong>sottus</strong></span> <span class='ocrx_word' id='word_1_322' title='bbox 1003 3329 1027 3372; x_wconf 85' lang='lat' dir='ltr'><strong>et</strong></span> <span class='ocrx_word' id='word_1_323' title='bbox 1050 3320 1152 3388; x_wconf 77' lang='lat' dir='ltr'><strong>iqnotos&#39;</strong></span> <span class='ocrx_word' id='word_1_324' title='bbox 1167 3322 1255 3373; x_wconf 81' lang='lat' dir='ltr'><strong>colles.</strong></span> <span class='ocrx_word' id='word_1_325' title='bbox 1291 3321 1399 3374; x_wconf 82' lang='lat' dir='ltr'><strong>Divisos</strong></span> 
     </span>
    </p>
   </div>
   <div class='ocr_carea' id='block_1_4' title="bbox 155 3386 1399 3460">
    <p class='ocr_par' dir='ltr' id='par_1_10' title="bbox 155 3386 1399 3460">
     <span class='ocr_line' id='line_1_33' title="bbox 155 3386 1399 3460; baseline -0.002 -18"><span class='ocrx_word' id='word_1_326' title='bbox 155 3395 206 3455; x_wconf 89' lang='lat' dir='ltr'><strong>est,</strong></span> <span class='ocrx_word' id='word_1_327' title='bbox 221 3398 325 3458; x_wconf 84' lang='lat' dir='ltr'><strong>pontem</strong></span> <span class='ocrx_word' id='word_1_328' title='bbox 343 3407 454 3442; x_wconf 83' lang='lat' dir='ltr'><strong>rectsum</strong></span> <span class='ocrx_word' id='word_1_329' title='bbox 472 3395 606 3454; x_wconf 75' lang='grc' dir='ltr'><strong>τεχνικῶς</strong></span> <span class='ocrx_word' id='word_1_330' title='bbox 622 3388 676 3441; x_wconf 88' lang='lat' dir='ltr'><strong>dici</strong></span> <span class='ocrx_word' id='word_1_331' title='bbox 693 3397 760 3460; x_wconf 93' lang='lat' dir='ltr'><strong>puto</strong></span> <span class='ocrx_word' id='word_1_332' title='bbox 794 3396 867 3442; x_wconf 83' lang='lat' dir='ltr'><strong>recte</strong></span> <span class='ocrx_word' id='word_1_333' title='bbox 893 3397 959 3460; x_wconf 89' lang='lat' dir='ltr'><strong>puto</strong></span> <span class='ocrx_word' id='word_1_334' title='bbox 979 3386 1030 3441; x_wconf 86' lang='lat' dir='ltr'><strong>dici</strong></span> <span class='ocrx_word' id='word_1_335' title='bbox 1058 3404 1133 3458; x_wconf 88' lang='lat' dir='ltr'><strong>posse</strong></span> <span class='ocrx_word' id='word_1_336' title='bbox 1155 3387 1239 3441; x_wconf 86' lang='lat' dir='ltr'><strong>saltus</strong></span> <span class='ocrx_word' id='word_1_337' title='bbox 1257 3388 1291 3441; x_wconf 82' lang='lat' dir='ltr'><strong>ab</strong></span> <span class='ocrx_word' id='word_1_338' title='bbox 1308 3404 1339 3440; x_wconf 87' lang='lat' dir='ltr'><strong>se</strong></span> <span class='ocrx_word' id='word_1_339' title='bbox 1360 3386 1399 3440; x_wconf 90' lang='lat' dir='ltr'><strong>uis</strong></span> 
     </span>
    </p>
   </div>
   <div class='ocr_carea' id='block_1_5' title="bbox 155 3405 1398 3578">
    <p class='ocr_par' dir='ltr' id='par_1_11' title="bbox 155 3405 1398 3578">
     <span class='ocr_line' id='line_1_34' title="bbox 155 3405 1398 3578; baseline 0 -68"><span class='ocrx_word' id='word_1_340' title='bbox 155 3457 191 3510; x_wconf 84' lang='lat' dir='ltr'><strong>do</strong></span> <span class='ocrx_word' id='word_1_341' title='bbox 207 3455 375 3578; x_wconf 80' lang='lat' dir='ltr'><strong>interrupto,</strong></span> <span class='ocrx_word' id='word_1_342' title='bbox 395 3473 447 3510; x_wconf 88' lang='lat' dir='ltr'><strong>non</strong></span> <span class='ocrx_word' id='word_1_343' title='bbox 466 3456 572 3526; x_wconf 79' lang='lat' dir='ltr'><strong>penitus</strong></span> <span class='ocrx_word' id='word_1_344' title='bbox 589 3455 687 3510; x_wconf 87' lang='lat' dir='ltr'><strong>diruto.</strong></span> <span class='ocrx_word' id='word_1_345' title='bbox 794 3456 893 3537; x_wconf 71' lang='lat' dir='ltr'><strong>csmpis</strong></span> <span class='ocrx_word' id='word_1_346' title='bbox 914 3464 1049 3527; x_wconf 79' lang='lat' dir='ltr'><strong>separatos</strong></span> <span class='ocrx_word' id='word_1_347' title='bbox 1071 3464 1100 3508; x_wconf 85' lang='lat' dir='ltr'><strong>et</strong></span> <span class='ocrx_word' id='word_1_348' title='bbox 1126 3472 1206 3526; x_wconf 75' lang='lat' dir='ltr'><strong>segra</strong></span> <span class='ocrx_word' id='word_1_349' title='bbox 1227 3405 1398 3522; x_wconf 82' lang='lat' dir='ltr'><strong>sooessibiies,</strong></span> 
     </span>
    </p>
   </div>
   <div class='ocr_carea' id='block_1_6' title="bbox 79 3523 1400 4486">
    <p class='ocr_par' dir='ltr' id='par_1_12' title="bbox 79 3523 1400 4417">
     <span class='ocr_line' id='line_1_35' title="bbox 79 3523 1400 3604; baseline -0.001 -25"><span class='ocrx_word' id='word_1_350' title='bbox 79 3573 82 3579; x_wconf 94' lang='lat'>.</span> <span class='ocrx_word' id='word_1_351' title='bbox 190 3526 294 3579; x_wconf 77' lang='lat' dir='ltr'><strong>videbat</strong></span> <span class='ocrx_word' id='word_1_352' title='bbox 329 3527 393 3578; x_wconf 78' lang='lat' dir='ltr'><strong>ostis</strong></span> <span class='ocrx_word' id='word_1_353' title='bbox 407 3528 537 3594; x_wconf 79' lang='lat' dir='ltr'><strong>praedam</strong></span> <span class='ocrx_word' id='word_1_354' title='bbox 561 3525 760 3580; x_wconf 72' lang='lat' dir='ltr'><strong>oreoodumss.</strong></span> <span class='ocrx_word' id='word_1_355' title='bbox 793 3541 918 3578; x_wconf 79' lang='lat' dir='ltr'><strong>nimirum</strong></span> <span class='ocrx_word' id='word_1_356' title='bbox 943 3524 1031 3594; x_wconf 77' lang='lat' dir='ltr'><strong>spatio</strong></span> <span class='ocrx_word' id='word_1_357' title='bbox 1056 3523 1163 3604; x_wconf 84' lang='lat' dir='ltr'><strong>situque</strong></span> <span class='ocrx_word' id='word_1_358' title='bbox 1188 3523 1300 3592; x_wconf 82' lang='lat' dir='ltr'><strong>divisos,</strong></span> <span class='ocrx_word' id='word_1_359' title='bbox 1331 3525 1400 3578; x_wconf 88' lang='lat' dir='ltr'><strong>sicut</strong></span> 
     </span>
     <span class='ocr_line' id='line_1_36' title="bbox 155 3591 1399 3712; baseline -0.003 -63"><span class='ocrx_word' id='word_1_360' title='bbox 155 3610 254 3668; x_wconf 53' lang='lat' dir='ltr'><strong>omnp-</strong></span> <span class='ocrx_word' id='word_1_361' title='bbox 289 3592 379 3664; x_wconf 83' lang='lat' dir='ltr'><strong>Vulgo</strong></span> <span class='ocrx_word' id='word_1_362' title='bbox 395 3595 523 3664; x_wconf 83' lang='lat' dir='ltr'><strong>praednm</strong></span> <span class='ocrx_word' id='word_1_363' title='bbox 558 3595 624 3646; x_wconf 81' lang='lat' dir='ltr'><strong>ostis</strong></span> <span class='ocrx_word' id='word_1_364' title='bbox 636 3595 703 3663; x_wconf 87' lang='lat' dir='ltr'><strong>sore</strong></span> <span class='ocrx_word' id='word_1_365' title='bbox 720 3597 760 3648; x_wconf 83' lang='lat' dir='ltr'><strong>ui·</strong></span> <span class='ocrx_word' id='word_1_366' title='bbox 793 3592 891 3646; x_wconf 81' lang='lat' dir='ltr'><strong>insulse</strong></span> <span class='ocrx_word' id='word_1_367' title='bbox 908 3601 993 3673; x_wconf 69' lang='lat' dir='ltr'><strong>terras</strong></span> <span class='ocrx_word' id='word_1_368' title='bbox 1011 3591 1076 3645; x_wconf 79' lang='lat' dir='ltr'><strong>mari</strong></span> <span class='ocrx_word' id='word_1_369' title='bbox 1093 3591 1190 3712; x_wconf 69' lang='lat' dir='ltr'><strong>qrrisss</strong></span> <span class='ocrx_word' id='word_1_370' title='bbox 1206 3592 1325 3674; x_wconf 73' lang='lat' dir='ltr'><strong>dicimus.</strong></span> <span class='ocrx_word' id='word_1_371' title='bbox 1356 3592 1399 3674; x_wconf 74' lang='lat' dir='ltr'><strong>De</strong></span> 
     </span>
     <span class='ocr_line' id='line_1_37' title="bbox 156 3661 1398 3810; baseline 0 -26"><span class='ocrx_word' id='word_1_372' title='bbox 156 3663 264 3810; x_wconf 33' lang='lat' dir='ltr'><strong>deppam</strong></span> <span class='ocrx_word' id='word_1_373' title='bbox 286 3731 382 3810; x_wconf 35' lang='lat' dir='ltr'><strong>&#39;mate</strong></span> <span class='ocrx_word' id='word_1_374' title='bbox 407 3747 436 3782; x_wconf 84' lang='lat' dir='ltr'><strong>se</strong></span> <span class='ocrx_word' id='word_1_375' title='bbox 454 3731 650 3810; x_wconf 59' lang='lat' dir='ltr'><strong>sequestratos]</strong></span> <span class='ocrx_word' id='word_1_376' title='bbox 686 3729 758 3784; x_wconf 90' lang='lat' dir='ltr'><strong>Olim</strong></span> <span class='ocrx_word' id='word_1_377' title='bbox 793 3661 1398 3810; x_wconf 46' lang='grc' dir='ltr'><strong>ἓὶῗεᾟὲἰῗιῗὲἓιᾝοτξὶὼέοᾚῗίῄυῗὲῗξῧὲ,</strong></span> 
     </span>
     <span class='ocr_line' id='line_1_38' title="bbox 151 3797 1398 3868; baseline -0.002 -16"><span class='ocrx_word' id='word_1_378' title='bbox 151 3797 218 3852; x_wconf 78' lang='lat' dir='ltr'><strong>editi</strong></span> <span class='ocrx_word' id='word_1_379' title='bbox 235 3814 263 3852; x_wconf 87' lang='lat' dir='ltr'><strong>se</strong></span> <span class='ocrx_word' id='word_1_380' title='bbox 280 3815 363 3868; x_wconf 86' lang='lat' dir='ltr'><strong>mseq.</strong></span> <span class='ocrx_word' id='word_1_381' title='bbox 387 3797 493 3852; x_wconf 85' lang='lat' dir='ltr'><strong>Modrus</strong></span> <span class='ocrx_word' id='word_1_382' title='bbox 509 3806 540 3850; x_wconf 85' lang='lat' dir='ltr'><strong>et</strong></span> <span class='ocrx_word' id='word_1_383' title='bbox 556 3797 651 3868; x_wconf 76' lang='lat' dir='ltr'><strong>reliqui</strong></span> <span class='ocrx_word' id='word_1_384' title='bbox 668 3798 758 3852; x_wconf 87' lang='lat' dir='ltr'><strong>deleto</strong></span> <span class='ocrx_word' id='word_1_385' title='bbox 792 3816 815 3852; x_wconf 83' lang='lat' dir='ltr'><strong>ss</strong></span> <span class='ocrx_word' id='word_1_386' title='bbox 831 3798 875 3852; x_wconf 90' lang='lat' dir='ltr'><strong>bio</strong></span> <span class='ocrx_word' id='word_1_387' title='bbox 890 3814 966 3852; x_wconf 78' lang='lat' dir='ltr'><strong>emor</strong></span> <span class='ocrx_word' id='word_1_388' title='bbox 982 3797 1148 3851; x_wconf 80' lang='lat' dir='ltr'><strong>libr-snorum</strong></span> <span class='ocrx_word' id='word_1_389' title='bbox 1161 3797 1398 3852; x_wconf 83' lang='lat' dir='ltr'><strong>sononoonsrbum</strong></span> 
     </span>
     <span class='ocr_line' id='line_1_39' title="bbox 150 3863 1397 3938; baseline -0.001 -17"><span class='ocrx_word' id='word_1_390' title='bbox 150 3865 306 3938; x_wconf 85' lang='lat' dir='ltr'><strong>pronomine</strong></span> <span class='ocrx_word' id='word_1_391' title='bbox 328 3867 406 3919; x_wconf 81' lang='lat' dir='ltr'><strong>multe</strong></span> <span class='ocrx_word' id='word_1_392' title='bbox 428 3867 510 3934; x_wconf 85' lang='lat' dir='ltr'><strong>inseq.</strong></span> <span class='ocrx_word' id='word_1_393' title='bbox 546 3863 599 3918; x_wconf 87' lang='lat' dir='ltr'><strong>Sed</strong></span> <span class='ocrx_word' id='word_1_394' title='bbox 617 3866 692 3920; x_wconf 81' lang='lat' dir='ltr'><strong>codd</strong></span> <span class='ocrx_word' id='word_1_395' title='bbox 710 3879 758 3920; x_wconf 81' lang='lat' dir='ltr'><strong>eut</strong></span> <span class='ocrx_word' id='word_1_396' title='bbox 792 3874 863 3919; x_wconf 87' lang='lat' dir='ltr'><strong>essct</strong></span> <span class='ocrx_word' id='word_1_397' title='bbox 883 3873 1068 3920; x_wconf 81' lang='lat' dir='ltr'><strong>correctorum.</strong></span> <span class='ocrx_word' id='word_1_398' title='bbox 1113 3863 1198 3920; x_wconf 78' lang='lat' dir='ltr'><strong>Por-m</strong></span> <span class='ocrx_word' id='word_1_399' title='bbox 1223 3865 1257 3918; x_wconf 90' lang='lat' dir='ltr'><strong>de</strong></span> <span class='ocrx_word' id='word_1_400' title='bbox 1285 3868 1397 3920; x_wconf 78' lang='lat' dir='ltr'><strong>callibus</strong></span> 
     </span>
     <span class='ocr_line' id='line_1_40' title="bbox 151 3933 1396 4004; baseline -0.002 -16"><span class='ocrx_word' id='word_1_401' title='bbox 151 3937 231 3988; x_wconf 83' lang='lat' dir='ltr'><strong>molle</strong></span> <span class='ocrx_word' id='word_1_402' title='bbox 253 3952 282 3988; x_wconf 87' lang='lat' dir='ltr'><strong>se</strong></span> <span class='ocrx_word' id='word_1_403' title='bbox 299 3935 463 4004; x_wconf 78' lang='lat' dir='ltr'><strong>sequentibus</strong></span> <span class='ocrx_word' id='word_1_404' title='bbox 489 3941 537 3986; x_wconf 86' lang='lat' dir='ltr'><strong>sut</strong></span> <span class='ocrx_word' id='word_1_405' title='bbox 553 3936 632 3987; x_wconf 81' lang='lat' dir='ltr'><strong>multe</strong></span> <span class='ocrx_word' id='word_1_406' title='bbox 648 3952 758 4004; x_wconf 81' lang='lat' dir='ltr'><strong>sequen·</strong></span> <span class='ocrx_word' id='word_1_407' title='bbox 792 3935 917 3989; x_wconf 80' lang='lat' dir='ltr'><strong>feminino</strong></span> <span class='ocrx_word' id='word_1_408' title='bbox 935 3951 1033 4004; x_wconf 82' lang='lat' dir='ltr'><strong>genere</strong></span> <span class='ocrx_word' id='word_1_409' title='bbox 1050 3933 1127 3988; x_wconf 84' lang='lat' dir='ltr'><strong>dictis</strong></span> <span class='ocrx_word' id='word_1_410' title='bbox 1144 3933 1290 3988; x_wconf 72' lang='lat' dir='ltr'><strong>ofisdbbr.</strong></span> <span class='ocrx_word' id='word_1_411' title='bbox 1299 3949 1345 4002; x_wconf 85' lang='lat'><strong>111,</strong></span> <span class='ocrx_word' id='word_1_412' title='bbox 1354 3941 1396 3990; x_wconf 77' lang='lat' dir='ltr'><strong>st.</strong></span> 
     </span>
     <span class='ocr_line' id='line_1_41' title="bbox 152 4001 1397 4084; baseline 0 -28"><span class='ocrx_word' id='word_1_413' title='bbox 152 4003 237 4071; x_wconf 79' lang='lat' dir='ltr'><strong>tibus,</strong></span> <span class='ocrx_word' id='word_1_414' title='bbox 263 4003 335 4084; x_wconf 92' lang='lat' dir='ltr'><strong>quod</strong></span> <span class='ocrx_word' id='word_1_415' title='bbox 357 4021 421 4056; x_wconf 77' lang='lat' dir='ltr'><strong>cunr</strong></span> <span class='ocrx_word' id='word_1_416' title='bbox 434 4002 529 4056; x_wconf 85' lang='lat' dir='ltr'><strong>omissa</strong></span> <span class='ocrx_word' id='word_1_417' title='bbox 577 4001 648 4056; x_wconf 82' lang='lat' dir='ltr'><strong>llsbs</strong></span> <span class='ocrx_word' id='word_1_418' title='bbox 664 4004 757 4057; x_wconf 74' lang='lat' dir='ltr'><strong>eedem</strong></span> <span class='ocrx_word' id='word_1_419' title='bbox 827 4005 1031 4074; x_wconf 78' lang='lat' dir='ltr'><strong>implicabuntur</strong></span> <span class='ocrx_word' id='word_1_420' title='bbox 1052 4019 1105 4057; x_wconf 91' lang='lat' dir='ltr'><strong>non</strong></span> <span class='ocrx_word' id='word_1_421' title='bbox 1128 4001 1227 4073; x_wconf 82' lang='lat' dir='ltr'><strong>legitur</strong></span> <span class='ocrx_word' id='word_1_422' title='bbox 1249 4003 1284 4055; x_wconf 84' lang='lat' dir='ltr'><strong>de</strong></span> <span class='ocrx_word' id='word_1_423' title='bbox 1301 4003 1397 4056; x_wconf 85' lang='lat' dir='ltr'><strong>nostris</strong></span> 
     </span>
     <span class='ocr_line' id='line_1_42' title="bbox 152 4069 1397 4137; baseline -0.001 -12"><span class='ocrx_word' id='word_1_424' title='bbox 152 4077 241 4125; x_wconf 89' lang='lat' dir='ltr'><strong>ortum</strong></span> <span class='ocrx_word' id='word_1_425' title='bbox 259 4071 341 4125; x_wconf 78' lang='lat' dir='ltr'><strong>rideri</strong></span> <span class='ocrx_word' id='word_1_426' title='bbox 351 4072 456 4137; x_wconf 84' lang='lat' dir='ltr'><strong>debeat,</strong></span> <span class='ocrx_word' id='word_1_427' title='bbox 475 4069 552 4124; x_wconf 78' lang='lat' dir='ltr'><strong>elteri</strong></span> <span class='ocrx_word' id='word_1_428' title='bbox 571 4070 667 4124; x_wconf 86' lang='lat' dir='ltr'><strong>ectioni</strong></span> <span class='ocrx_word' id='word_1_429' title='bbox 676 4071 758 4124; x_wconf 86' lang='lat' dir='ltr'><strong>etism</strong></span> <span class='ocrx_word' id='word_1_430' title='bbox 792 4071 842 4125; x_wconf 87' lang='lat' dir='ltr'><strong>nisi</strong></span> <span class='ocrx_word' id='word_1_431' title='bbox 867 4071 895 4126; x_wconf 95' lang='lat' dir='ltr'><strong>in</strong></span> <span class='ocrx_word' id='word_1_432' title='bbox 921 4071 1002 4125; x_wconf 89' lang='lat' dir='ltr'><strong>Bern.</strong></span> <span class='ocrx_word' id='word_1_433' title='bbox 1026 4071 1049 4124; x_wconf 91' lang='lat' dir='ltr'>B</span> <span class='ocrx_word' id='word_1_434' title='bbox 1073 4079 1102 4124; x_wconf 88' lang='lat' dir='ltr'><strong>et</strong></span> <span class='ocrx_word' id='word_1_435' title='bbox 1124 4070 1196 4125; x_wconf 83' lang='lat' dir='ltr'><strong>Flor.</strong></span> <span class='ocrx_word' id='word_1_436' title='bbox 1223 4071 1288 4134; x_wconf 77' lang='grc' dir='ltr'><strong>ΕΗ,</strong></span> <span class='ocrx_word' id='word_1_437' title='bbox 1315 4071 1397 4125; x_wconf 82' lang='lat' dir='ltr'><strong>ceteri</strong></span> 
     </span>
     <span class='ocr_line' id='line_1_43' title="bbox 153 4138 1396 4211; baseline -0.001 -18"><span class='ocrx_word' id='word_1_438' title='bbox 153 4138 313 4194; x_wconf 78' lang='lat' dir='ltr'><strong>anctoritate</strong></span> <span class='ocrx_word' id='word_1_439' title='bbox 339 4141 414 4194; x_wconf 85' lang='lat' dir='ltr'><strong>codd.</strong></span> <span class='ocrx_word' id='word_1_440' title='bbox 442 4139 528 4206; x_wconf 66' lang='lat' dir='ltr'><strong>(laid.</strong></span> <span class='ocrx_word' id='word_1_441' title='bbox 548 4140 622 4193; x_wconf 91' lang='lat' dir='ltr'><strong>Voss.</strong></span> <span class='ocrx_word' id='word_1_442' title='bbox 642 4147 654 4193; x_wconf 92' lang='lat' dir='ltr'><strong>l</strong></span> <span class='ocrx_word' id='word_1_443' title='bbox 675 4140 757 4193; x_wconf 78' lang='lat' dir='ltr'><strong>Bam.</strong></span> <span class='ocrx_word' id='word_1_444' title='bbox 810 4142 969 4207; x_wconf 76' lang='lat' dir='ltr'><strong>licabantus,</strong></span> <span class='ocrx_word' id='word_1_445' title='bbox 988 4141 1059 4211; x_wconf 92' lang='lat' dir='ltr'><strong>quod</strong></span> <span class='ocrx_word' id='word_1_446' title='bbox 1076 4139 1142 4193; x_wconf 89' lang='lat' dir='ltr'><strong>item</strong></span> <span class='ocrx_word' id='word_1_447' title='bbox 1159 4156 1193 4194; x_wconf 84' lang='lat' dir='ltr'><strong>ex</strong></span> <span class='ocrx_word' id='word_1_448' title='bbox 1211 4138 1269 4193; x_wconf 81' lang='lat' dir='ltr'><strong>Pel.</strong></span> <span class='ocrx_word' id='word_1_449' title='bbox 1288 4146 1299 4192; x_wconf 93' lang='lat' dir='ltr'><strong>l</strong></span> <span class='ocrx_word' id='word_1_450' title='bbox 1315 4139 1396 4193; x_wconf 68' lang='lat' dir='ltr'><strong>leid.</strong></span> 
     </span>
     <span class='ocr_line' id='line_1_44' title="bbox 153 4206 1397 4280; baseline -0.001 -18"><span class='ocrx_word' id='word_1_451' title='bbox 153 4210 179 4262; x_wconf 85' lang='lat' dir='ltr'>A</span> <span class='ocrx_word' id='word_1_452' title='bbox 196 4208 268 4262; x_wconf 82' lang='lat' dir='ltr'><strong>Flor.</strong></span> <span class='ocrx_word' id='word_1_453' title='bbox 286 4207 336 4260; x_wconf 82' lang='grc' dir='ltr'><strong>ΑΒ</strong></span> <span class='ocrx_word' id='word_1_454' title='bbox 362 4209 410 4276; x_wconf 83' lang='lat' dir='ltr'><strong>sl.)</strong></span> <span class='ocrx_word' id='word_1_455' title='bbox 432 4206 579 4280; x_wconf 80' lang='lat' dir='ltr'><strong>praestanti</strong></span> <span class='ocrx_word' id='word_1_456' title='bbox 605 4209 757 4279; x_wconf 72' lang='lat' dir='ltr'><strong>posthabui.</strong></span> <span class='ocrx_word' id='word_1_457' title='bbox 818 4227 869 4262; x_wconf 87' lang='lat' dir='ltr'><strong>oss.</strong></span> <span class='ocrx_word' id='word_1_458' title='bbox 889 4217 901 4262; x_wconf 95' lang='lat' dir='ltr'><strong>l</strong></span> <span class='ocrx_word' id='word_1_459' title='bbox 921 4217 1060 4273; x_wconf 85' lang='lat' dir='ltr'><strong>enotstur,</strong></span> <span class='ocrx_word' id='word_1_460' title='bbox 1084 4207 1155 4262; x_wconf 77' lang='lat' dir='ltr'><strong>Flor.</strong></span> <span class='ocrx_word' id='word_1_461' title='bbox 1173 4207 1196 4260; x_wconf 77' lang='lat' dir='ltr'>F</span> <span class='ocrx_word' id='word_1_462' title='bbox 1212 4207 1294 4261; x_wconf 84' lang='lat' dir='ltr'><strong>etism</strong></span> <span class='ocrx_word' id='word_1_463' title='bbox 1307 4209 1397 4277; x_wconf 83' lang='lat' dir='ltr'><strong>publi-</strong></span> 
     </span>
     <span class='ocr_line' id='line_1_45' title="bbox 154 4276 1398 4348; baseline 0 -18"><span class='ocrx_word' id='word_1_464' title='bbox 154 4279 293 4346; x_wconf 81' lang='lat' dir='ltr'><strong>Sequentes</strong></span> <span class='ocrx_word' id='word_1_465' title='bbox 324 4285 414 4330; x_wconf 82' lang='lat' dir='ltr'><strong>sutem</strong></span> <span class='ocrx_word' id='word_1_466' title='bbox 443 4278 590 4330; x_wconf 85' lang='lat' dir='ltr'><strong>verecunde</strong></span> <span class='ocrx_word' id='word_1_467' title='bbox 616 4276 685 4330; x_wconf 86' lang='lat' dir='ltr'><strong>dixit</strong></span> <span class='ocrx_word' id='word_1_468' title='bbox 710 4295 758 4348; x_wconf 84' lang='lat' dir='ltr'><strong>pm</strong></span> <span class='ocrx_word' id='word_1_469' title='bbox 792 4279 932 4340; x_wconf 75' lang='lat' dir='ltr'><strong>rabuntur,</strong></span> <span class='ocrx_word' id='word_1_470' title='bbox 948 4277 1201 4330; x_wconf 87' lang='lat' dir='ltr'><strong>sedilludmendum</strong></span> <span class='ocrx_word' id='word_1_471' title='bbox 1209 4276 1398 4330; x_wconf 82' lang='lat' dir='ltr'><strong>estexomisss</strong></span> 
     </span>
     <span class='ocr_line' id='line_1_46' title="bbox 148 4345 1397 4417; baseline 0.002 -19"><span class='ocrx_word' id='word_1_472' title='bbox 148 4346 374 4417; x_wconf 75' lang='lat' dir='ltr'><strong>persequentibus,</strong></span> <span class='ocrx_word' id='word_1_473' title='bbox 393 4353 424 4398; x_wconf 93' lang='lat' dir='ltr'><strong>ut</strong></span> <span class='ocrx_word' id='word_1_474' title='bbox 441 4349 464 4414; x_wconf 66' lang='grc' dir='ltr'><strong>ξ.</strong></span> <span class='ocrx_word' id='word_1_475' title='bbox 485 4353 524 4398; x_wconf 91' lang='grc'><strong>11.</strong></span> <span class='ocrx_word' id='word_1_476' title='bbox 716 4411 718 4415; x_wconf 16' lang='lat' dir='ltr'>v</span> <span class='ocrx_word' id='word_1_477' title='bbox 792 4355 856 4399; x_wconf 77' lang='lat' dir='ltr'><strong>nota</strong></span> <span class='ocrx_word' id='word_1_478' title='bbox 877 4353 965 4399; x_wconf 87' lang='lat' dir='ltr'><strong>ortum</strong></span> <span class='ocrx_word' id='word_1_479' title='bbox 987 4353 1017 4398; x_wconf 84' lang='lat' dir='ltr'><strong>et</strong></span> <span class='ocrx_word' id='word_1_480' title='bbox 1037 4353 1110 4398; x_wconf 71' lang='lat' dir='ltr'><strong>recte</strong></span> <span class='ocrx_word' id='word_1_481' title='bbox 1135 4345 1345 4399; x_wconf 76' lang='lat' dir='ltr'><strong>minndversum</strong></span> <span class='ocrx_word' id='word_1_482' title='bbox 1363 4346 1397 4400; x_wconf 81' lang='lat' dir='ltr'><strong>sb</strong></span> 
     </span>
    </p>

    <p class='ocr_par' dir='ltr' id='par_1_13' title="bbox 188 4411 1094 4486">
     <span class='ocr_line' id='line_1_47' title="bbox 188 4411 1094 4486; baseline -0.002 -18"><span class='ocrx_word' id='word_1_483' title='bbox 188 4417 212 4484; x_wconf 70' lang='grc' dir='ltr'><strong>ς.</strong></span> <span class='ocrx_word' id='word_1_484' title='bbox 238 4420 280 4468; x_wconf 87' lang='grc'><strong>10.</strong></span> <span class='ocrx_word' id='word_1_485' title='bbox 324 4415 426 4481; x_wconf 78' lang='lat' dir='ltr'><strong>dumm,</strong></span> <span class='ocrx_word' id='word_1_486' title='bbox 453 4416 598 4486; x_wconf 69' lang='lat' dir='ltr'><strong>cyminum]</strong></span> <span class='ocrx_word' id='word_1_487' title='bbox 645 4412 757 4486; x_wconf 83' lang='lat' dir='ltr'><strong>Vulgati</strong></span> <span class='ocrx_word' id='word_1_488' title='bbox 791 4413 937 4468; x_wconf 88' lang='lat' dir='ltr'><strong>editoribus</strong></span> <span class='ocrx_word' id='word_1_489' title='bbox 954 4411 1094 4468; x_wconf 81' lang='lat' dir='ltr'><strong>veteribus.</strong></span> 
     </span>
    </p>
   </div>
   <div class='ocr_carea' id='block_1_7' title="bbox 0 0 1656 5052">
    <p class='ocr_par' dir='ltr' id='par_1_14' title="bbox 0 0 1656 5052">
     <span class='ocr_line' id='line_1_48' title="bbox 0 0 1656 5052; baseline 0 1"><span class='ocrx_word' id='word_1_490' title='bbox 0 0 1656 5052; x_wconf 95' lang='lat' dir='ltr'><strong> </strong></span> 
     </span>
    </p>
   </div>
  </div>
 </body>
</html>
