3324 5054
423 287 428 306 ‘
523 317 573 368 nn
599 315 726 368 oneris
757 316 866 367 Anax.
892 319 942 386 rv,
970 313 1012 366 rs.
1093 291 1101 307 '
1337 295 1385 365 87

144 497 352 590 transfixit,
400 499 575 597 quosdam
622 497 730 572 etiam
775 497 972 570 comminus
1003 559 1008 568 .
1020 495 1140 592 gladio
1180 500 1388 595 ¹clypeoque

143 610 318 706 impulsos
350 610 615 709 praecipitavit,
654 606 784 703 quippe
825 606 949 697 turris,
990 631 1036 678 ex
1076 631 1147 702 qua
1184 605 1387 696 dimicabat,

98 741 128 789 ιι
145 721 258 794 muris
302 722 460 795 hostium
495 715 754 815 propemodum
792 716 1014 790 cohaerebat
1076 715 1220 812 Iamque
1253 717 1387 789 crebris

145 832 318 906 arietibus
352 851 524 902 saxorum
558 851 731 926 compage
755 828 892 915 laxata,
927 829 1148 900 munimenta
1173 826 1388 916 defecerant,

147 955 186 1015 et
211 943 335 1016 classis
361 938 561 1010 intraverat
586 950 740 1036 portum,
768 947 805 1008 et
831 935 975 1032 quidam
988 935 1225 1010 Macedonum
1250 939 1288 1010 in
1314 948 1388 1008 tur·

146 1077 206 1126 res
230 1049 391 1122 hostium
418 1046 579 1121 desertas
607 1059 812 1121 evaserant:
844 1071 925 1120 cum
951 1044 1067 1144 Tyrii,
1101 1058 1156 1121 tot
1181 1048 1287 1120 simul
1312 1071 1387 1117 ma·

146 1162 192 1232 lis
222 1159 326 1248 victi,
362 1158 422 1231 alii
456 1158 633 1256 supplices
666 1157 702 1228 in
735 1159 869 1254 templa
900 1157 1125 1253 confugiunt,
1159 1158 1218 1230 alii
1251 1157 1389 1229 foribus

147 1267 294 1342 aedium
327 1263 504 1342 obseratis
536 1277 715 1364 occupant
745 1268 896 1340 liberum
927 1267 1052 1340 mortis
1079 1269 1274 1359 arbitrium,
1302 1292 1390 1340 non·

147 1381 238 1452 nulli
262 1389 376 1452 munt
400 1379 438 1449 in
464 1378 622 1467 hostem,
657 1377 755 1450 hand
779 1378 883 1450 inulti
909 1387 1030 1449 tamen
1057 1379 1222 1476 perituri,
1258 1401 1391 1474 magna

147 1516 234 1588 pars
262 1511 404 1562 summa
429 1497 608 1562 tectorum
634 1487 829 1577 obtinebat,
849 1513 938 1561 saxa
964 1497 1001 1560 et
1027 1488 1192 1586 quicquid
1216 1490 1291 1562 fors
1317 1513 1391 1560 ma·

101 1627 133 1676 rs
151 1600 259 1672 nibus
286 1594 449 1688 dederat,
475 1599 677 1694 ingerentes
704 1597 950 1670 subeuntibus.
988 1597 1205 1690 Alexander,
1229 1598 1391 1695 exceptis

150 1710 213 1806 qui
238 1707 275 1780 in
302 1710 440 1805 templa
466 1708 711 1804 confugerant,
737 1733 861 1781 omnes
887 1707 1046 1800 interfici,
1072 1711 1260 1808 ignemque
1286 1708 1392 1780 tectis

102 1849 133 1895 ιι
150 1817 248 1892 iniici
272 1818 383 1892 iubet
436 1817 503 1892 His
529 1843 594 1915 per
619 1842 813 1914 praecones
844 1820 1098 1916 pronuntiatio,
1132 1845 1237 1894 nemo
1269 1827 1392 1892 tamen

151 1938 314 2002 armatus
351 1953 458 2028 opem
491 1955 514 2001 a
544 1926 611 2000 diis
646 1939 769 2026 petere
809 1929 991 2002 sustinuit:
1030 1930 1132 2027 pueri
1164 1930 1391 2028 virginesque
1469 2001 1472 2007 ,

150 2039 289 2137 templa
315 2038 603 2135 compleverant,
629 2038 697 2110 viri
721 2038 759 2110 in
784 2040 962 2112 vestibulo
988 2063 1133 2112 suarum
1159 2040 1309 2136 quisque
1326 2061 1392 2110 ae·

102 2173 134 2220 rs
151 2149 255 2220 dium
280 2148 439 2238 stabant,
465 2159 592 2245 parate
616 2150 858 2226 saevientibus
884 2149 1001 2222 turba.
1044 2148 1167 2223 Multis
1192 2159 1314 2223 tamen
1340 2171 1395 2220 sa·

41 2287 49 2299 ·
151 2260 221 2333 luti
252 2260 355 2332 fuere
387 2255 541 2348 Sidonii,
580 2259 641 2356 qui
671 2259 766 2332 intra
800 2259 1036 2333 Macedonum
1071 2259 1247 2356 praesidia
1281 2267 1395 2332 mant.

154 2368 206 2442 Hi
235 2371 361 2442 urbem
387 2366 532 2466 quidem
557 2369 651 2442 inter
676 2369 830 2442 victores
855 2372 1093 2459 intraverant,
1126 2369 1191 2443 sed
1216 2369 1396 2467 cognatio·

151 2481 210 2552 nis
237 2505 319 2552 cum
345 2478 464 2577 Tyriis
490 2501 681 2568 memores,
714 2479 859 2577 (quippe
886 2489 1073 2576 utramque
1100 2481 1226 2553 urbem
1252 2479 1395 2577 Ageno-

151 2615 231 2664 rem
257 2587 461 2664 condidisse
488 2587 708 2684 credebant)
740 2591 871 2662 multos
898 2587 1104 2688 Tyriorum,
1139 2591 1246 2662 etiam
1277 2589 1397 2686 protess

190 2775 266 2840 §.la
283 2774 344 2842 quic
381 2773 484 2842 idsors
501 2761 622 2826 manibus
641 2773 759 2842 dederat]
796 2770 850 2825 Sed
872 2788 924 2824 non
949 2789 1015 2842 opus
1040 2779 1081 2824 est
1107 2772 1186 2842 longa
1210 2769 1396 2842 explicatione,

152 2841 219 2896 Non
237 2849 337 2894 conten
389 2857 480 2893 veram
498 2842 565 2894 haue
582 2857 639 2894 esse
647 2841 761 2893 auctoris
797 2839 920 2910 quonism
936 2843 1078 2909 praesidia
1107 2857 1185 2910 saepe
1211 2841 1247 2894 sic
1273 2839 1398 2893 dicuntur

152 2927 275 2972 mum,
296 2925 358 2960 nam
380 2907 461 2961 Bam.
484 2911 510 2961 Δ
531 2909 603 2962 Flor.
624 2907 674 2961 ΑΒ
699 2911 763 2977 quid
796 2925 845 2978 pro
869 2907 996 2962 exercitu.
1038 2908 1094 2962 Cic.
1122 2925 1171 2989 pro
1198 2907 1305 2980 Ligario
1332 2925 1355 2961 c.
1380 2915 1396 2960 9

143 2979 213 3048 sors
231 2979 260 3028 ia
276 2977 409 3042 mnibus,
434 2977 541 3045 anid
555 2994 614 3030 sors
633 2979 661 3029 in
677 2979 762 3028 moni·
796 2979 970 3030 tantummdo
993 2979 1022 3028 in
1035 2979 1182 3046 prouidus
1205 2979 1296 3044 meis,
1314 2976 1399 3029 animi

154 3047 214 3110 bus,
230 3043 270 3096 FI
286 3045 430 3114 pirodsors
447 3046 477 3096 ia
492 3046 623 3112 monitio,
641 3043 665 3096 E
682 3043 763 3097 Bern.
796 3061 855 3096 sao
881 3062 899 3096 a
925 3062 1007 3100 conso
1031 3047 1218 3112 attonitam,-
1241 3062 1292 3126 pro
1317 3043 1397 3098 Rosc.

153 3113 180 3166 B
204 3114 330 3182 quiequid
342 3130 413 3172 ,sors
436 3114 464 3164 in
490 3115 625 3176 monibus,
650 3111 676 3164 D
694 3115 763 3180 quod
796 3113 856 3164 Am
874 3119 906 3166 43
932 3115 1057 3182 scriptino
1075 3115 1142 3166 enim
1165 3115 1202 3166 ito
1225 3117 1315 3167 dicuat
1332 3129 1398 3178 esse,

147 3183 214 3252 sors
232 3183 262 3232 in
279 3197 384 3247 monus,
408 3179 434 3233 G
469 3184 521 3233 aod
537 3199 595 3234 sors
615 3183 642 3232 in
660 3199 762 3234 monos.
797 3191 824 3232 iit
852 3198 938 3234 eorum
966 3183 1033 3234 bono
1057 3192 1163 3236 ransom
1187 3184 1233 3251 qai
1251 3183 1399 3251 proscripti

156 3249 241 3302 Vides
258 3247 341 3318 igitur
357 3247 386 3300 in
407 3266 426 3301 n
465 3267 482 3303 o
499 3249 588 3303 codice
605 3263 662 3300 esse
679 3248 762 3302 solum
796 3258 856 3302 sunt
874 3279 886 3290 ·
903 3259 949 3302 out
966 3267 1053 3302 eoriim
1070 3251 1116 3319 qni
1134 3255 1160 3302 ia
1184 3252 1397 3304 adversariorum

155 3317 290 3382 datium,
316 3333 441 3387 proquo
462 3334 526 3370 sane
547 3317 637 3370 malim
657 3325 686 3370 et
707 3316 762 3387 ipse
791 3318 938 3386 praesidiis
962 3320 1042 3371 occisi
1063 3330 1131 3372 sant.
1166 3319 1237 3372 Dran
1253 3320 1396 3388 praesidio

155 3383 388 3508 musti
407 3385 763 3507 sspspaepspnupp.
796 3387 1398 3509 tltsttt''²⁷..tttltttttt‘tslt
1424 3399 1427 3406 ’

156 3539 218 3576 cnm
235 3521 286 3574 nisi
320 3521 393 3590 quod
418 3521 453 3573 ad
479 3522 598 3574 ordinem
624 3538 671 3574 ver
705 3541 763 3576 rum
796 3539 845 3592 pro
863 3473 1024 3589 castriaput
1052 3523 1134 3592 igitur
1157 3523 1203 3594 qui
1226 3523 1254 3576 in
1278 3523 1398 3576 exercitu

220 3588 277 3642 ‘net
299 3588 429 3642 intactum
450 3589 560 3660 reliqui,
590 3589 716 3660 quoniam
736 3591 762 3643 in
797 3589 953 3660 sistatque
975 3591 1003 3644 in
1026 3592 1118 3646 eastris
1139 3601 1289 3657 versentur,
1319 3591 1399 3644 iidem

251 3656 358 3710 videtur
375 3657 512 3710 inventurn
529 3675 586 3711 esse
603 3660 729 3737 quicquid
735 3669 764 3711 et
799 3657 868 3710 intra
895 3659 1024 3728 praesidia
1049 3660 1103 3712 sive
1129 3660 1156 3712 iu
1180 3659 1315 3730 praesidiis
1342 3677 1400 3712 esse

157 3729 188 3778 ia
204 3733 296 3778 ortum
313 3726 425 3779 fortasse
442 3735 534 3780 estex
551 3735 672 3796 sequenti
690 3727 767 3780 litera
800 3725 851 3778 diei
873 3728 982 3796 possint.
1017 3728 1085 3781 Vide
1111 3729 1220 3798 interpr.
1244 3730 1278 3782 ad
1301 3743 1345 3792 ιν,
1368 3735 1402 3781 tt

157 3793 255 3847 initiali
271 3793 344 3847 vocis
361 3795 492 3848 manibus.
528 3794 664 3864 Principes
677 3804 765 3848 autern
801 3805 891 3847 temere
909 3799 979 3848 illoti
993 3799 1146 3865 praesidiis.

158 3861 425 3931 editionespoicqirid
440 3865 560 3918 sionibus
579 3881 647 3928 sors,
659 3863 767 3916 luniana
836 3865 918 3931 ripen.
934 3867 1082 3918 condidisse
1097 3867 1243 3932 credebant]
1268 3863 1344 3917 Nihil
1357 3881 1403 3915 va-

158 3931 287 4000 puicpoid
304 3933 332 3984 in
349 3931 472 3982 monibus
490 3949 557 3996 sors,
577 3931 767 4001 Modqnodin
801 3931 872 3984 riant
904 3930 963 3985 libri
996 3941 1043 3985 aut
1074 3933 1166 4002 scripti
1197 3943 1244 3986 aut
1270 3931 1403 4001 impressi3

159 4016 254 4052 means
263 4000 340 4066 sors,
357 3997 522 4052 Basileenses
535 4017 625 4052 rursus
643 4002 768 4069 quiequid
802 3999 908 4052 Medius
932 4009 1019 4053 umen
1048 4017 1076 4054 se
1104 4000 1238 4053 sustulisse
1264 4002 1403 4054 credebant

159 4068 281 4120 sesami
299 4085 367 4121 sors.
599 4079 605 4091 '
802 4067 939 4138 gloriatur.
977 4069 1056 4132 Quod
1073 4070 1193 4138 sequitur
1217 4072 1293 4122 etiam
1313 4079 1403 4136 prota-

194 4139 218 4203 ξ.
240 4141 280 4187 14.
299 4153 316 4188 o
335 4137 400 4202 iliis]
429 4136 480 4188 Dis
498 4135 621 4188 scribitur
642 4135 670 4187 in
688 4135 767 4189 Bern.
801 4146 889 4206 pentes
920 4137 1025 4205 explica
1056 4139 1122 4190 odeo
1149 4138 1319 4190 defendentes
1345 4136 1404 4189 illos

162 4205 189 4257 A
206 4203 278 4256 Flor.
298 4204 324 4255 A
341 4203 415 4256 Leid.
434 4203 511 4256 Voss.
531 4213 553 4256 1.
803 4205 927 4258 adversus
945 4205 1104 4258 Macedonas
1123 4206 1168 4274 qui
1190 4207 1343 4259 abstrahere
1361 4222 1404 4257 ea·

195 4275 270 4340 §.l-³).
307 4275 335 4324 ιιιΙ
353 4274 425 4324 intro
439 4273 615 4325 lllncedonam
628 4274 768 4340 praesidia
804 4272 890 4342 ptivos
908 4273 1013 4325 vellent.
1052 4275 1181 4326 Occultnti
1202 4275 1317 4343 denique
1338 4273 1403 4326 olim

161 4343 248 4408 aaut}
300 4339 385 4393 iratur
400 4339 506 4393 dicendi
524 4339 662 4394 formulam
680 4340 769 4393 Sches-
804 4341 936 4393 edideram
954 4342 1099 4410 Bipontino
1117 4343 1259 4414 exemplari
1277 4359 1353 4406 usus,
1376 4350 1405 4392 et

161 4407 232 4462 senis
255 4417 285 4462 et
306 4407 439 4479 explicare
465 4409 556 4463 studet
577 4409 768 4463 Sebmiederus.
804 4409 901 4478 legitur
924 4409 1010 4464 sicin
1034 4411 1143 4464 luniana
1165 4421 1193 4465 ct
1214 4411 1288 4466 Mod.
1310 4409 1406 4464 editio-
