3324 5054
202 319 251 388 96
347 385 349 390 ,
676 329 710 392 Q.
739 328 863 379 cunru
888 309 973 379 narr
1086 383 1090 391 ,

200 516 412 589 admoveret
437 513 644 604 exercitum,
671 539 776 612 opem
803 513 911 587 deum
937 535 1148 609 exposcam,
1160 517 1301 582 sacrum
1326 505 1444 606 patrio

201 649 301 696 more
327 622 489 698 faciebat.
542 623 651 698 Forte
682 625 952 723 praetervolans
985 645 1116 692 corvus
1142 618 1301 716 glebam,
1336 642 1445 714 quam
1465 634 1495 680 11

204 733 382 832 unguibus
408 735 556 826 serebat,
584 736 702 808 subito
729 733 867 806 amisit:
904 755 995 826 quae
1029 752 1110 798 cum
1141 728 1235 822 regis
1262 731 1369 824 capiti
1396 731 1445 801 in·

203 843 358 936 uidisset,
384 849 545 920 resoluta
570 845 732 930 defluxit,
759 843 836 936 ipsa
862 850 983 910 autem
1010 837 1087 908 avis
1106 837 1143 908 in
1163 837 1328 932 proxima
1347 853 1449 912 turre

204 957 376 1030 consedit.
430 956 525 1026 Illita
556 965 634 1026 erat
666 952 773 1022 turris
805 950 978 1023 bitumine
1010 973 1052 1021 ac
1084 947 1270 1045 sulphure,
1305 949 1340 1019 in
1374 975 1448 1044 qua

204 1067 270 1140 alis
296 1063 537 1151 haerentibus,
565 1063 699 1134 frustra
725 1087 764 1134 se
783 1061 939 1134 allevare
962 1072 1124 1150 conatus,
1149 1083 1172 1130 a
1189 1059 1448 1131 circmustanti-

201 1177 270 1249 bus
297 1173 445 1270 capitur.
497 1170 617 1270 Digna
642 1199 700 1248 res
726 1174 823 1262 visa,
858 1173 904 1246 de
930 1197 1002 1269 qua
1027 1183 1131 1244 vates
1157 1171 1381 1244 consuleret:
1410 1181 1503 1246 et12

203 1295 282 1356 eret
307 1307 381 1354 non
406 1283 563 1357 intactae
589 1309 611 1357 a
637 1285 891 1382 superstitione
916 1283 1057 1356 mentis.
1100 1279 1197 1378 Ergo
1223 1280 1449 1372 Aristander,

204 1394 261 1466 cui
288 1394 446 1466 maxima
471 1393 562 1468 fides
588 1395 803 1484 habebatur,
836 1394 934 1466 urbis
962 1391 1106 1488 quidem
1133 1389 1312 1464 excidium
1338 1415 1449 1489 augu-

204 1505 258 1577 rio
294 1504 354 1578 illo
389 1504 575 1602 portendi,
611 1516 770 1578 ceterum
795 1505 992 1603 periculmn
1019 1527 1117 1592 esse,
1153 1527 1198 1586 ne
1223 1524 1290 1574 rex
1316 1501 1449 1574 vulnus

204 1618 400 1714 acciperet:
437 1616 558 1712 itaque
590 1618 743 1706 monuit,
778 1639 826 1687 ne
860 1613 946 1710 quid
961 1638 1015 1686 eo
1043 1612 1102 1686 die
1135 1612 1317 1709 inciperet
1374 1609 1450 1704 Ille,
1472 1633 1508 1682 ιιι

89 1796 94 1804 .
205 1749 421 1823 quamquam
446 1749 557 1796 unam
583 1725 707 1797 urbem
734 1724 811 1814 sibi,
838 1749 909 1820 quo
935 1723 1053 1794 minus
1080 1747 1226 1796 securus
1240 1721 1451 1822 Aegyptum

206 1836 367 1924 intraret,
394 1835 541 1909 obstare
567 1860 674 1934 aegre
699 1835 848 1924 ferebat,
874 1844 997 1908 tamen
1022 1835 1144 1932 paruit
1170 1837 1263 1920 vati,
1291 1833 1449 1932 signum·

207 1972 276 2044 que
303 1946 462 2045 receptui
489 1944 597 2018 dedit

155 2061 203 2133 27
309 2055 402 2130 Hinc
428 2058 568 2130 mamus
595 2058 709 2130 crevit
733 2057 900 2146 obsessis,
918 2055 1124 2154 egressique
1150 2067 1257 2154 porta
1281 2056 1451 2130 receden-

206 2170 302 2242 tibus
349 2168 507 2240 inferunt
553 2167 674 2265 signa,
717 2167 981 2240 cunctationem
1026 2165 1185 2240 hostiam
1225 2193 1328 2240 suam
1371 2167 1452 2242 iore
1528 2223 1532 2228 -

244 2419 268 2485 ᾗ.
286 2424 326 2470 11.
361 2417 485 2470 ditmnine
502 2435 535 2471 ac
552 2419 686 2486 eripiare]
713 2415 812 2469 Merito
845 2413 944 2468 nitirus
974 2415 1082 2486 ponitur
1107 2421 1140 2468 ut
1163 2429 1230 2485 vm,
1262 2424 1296 2472 20
1324 2427 1393 2471 extr.
1419 2419 1453 2470 ιἰι

167 2538 169 2544 1
209 2494 341 2566 miseruut
356 2484 517 2556 interpretes
533 2503 612 2557 quam
629 2487 663 2539 ob
681 2502 737 2538 rem
755 2493 811 2537 tur·
849 2483 1027 2536 Callisthenen
1041 2486 1230 2565 pervicacioris
1249 2488 1307 2540 irae
1308 2489 1380 2608 suit
1402 2493 1453 2538 aut

210 2571 246 2608 ns
264 2553 382 2620 materie,
401 2570 470 2624 quae
486 2553 574 2624 ignem
591 2572 645 2608 non
657 2553 812 2607 defenderet
845 2551 903 2606 Liv.
923 2563 965 2618 rx,
986 2557 1017 2606 1o
1035 2569 1092 2622 rpee
1110 2562 1167 2606 erat
1184 2555 1277 2607 invicti
1289 2573 1306 2608 a
1334 2555 1452 2607 taboram

209 2623 257 2676 aed
274 2623 441 2694 mneipemt,
459 2621 527 2676 illita
544 2622 632 2676 fuerit
667 2621 812 2676 Plutarcho
845 2621 971 2690 corporis.
1022 2619 1124 2684 Quodsi
1154 2621 1298 2676 ablativum
1328 2619 1454 2675 malueris

211 2691 318 2762 quidem
344 2699 452 2744 auctore
480 2708 502 2744 a
525 2695 558 2744 at
586 2707 680 2744 corrue
706 2688 812 2742 ἔλαθεν
846 2691 961 2741 intactae
987 2707 1001 2741 s
1038 2691 1172 2742 cratitione
1188 2693 1291 2756 meritis,
1310 2698 1341 2743 ut
1359 2688 1451 2742 Livius

141 2775 150 2784 ·
212 2761 354 2822 ἐνσχεθεὶς
375 2764 435 2814 τοῖς
457 2764 597 2829 νευρίνοις
618 2756 811 2830 κεκρυφάλοις,
846 2755 915 2808 dixit
932 2763 961 2808 et
978 2755 1013 2809 ali
1033 2755 1042 2809 i
1059 2764 1087 2809 et
1105 2771 1138 2822 v,
1159 2763 1190 2810 15
1208 2761 1250 2810 vir
1267 2761 1341 2812 baud
1356 2759 1453 2810 intacti
1487 2796 1494 2806 .

211 2827 332 2897 νὶιπρόι
350 2827 400 2946 ἑὰς
418 2826 660 2896 ἐπιστροφὰιτών
669 2831 810 2889 σχοινίων,
846 2825 971 2892 reiipione
989 2827 1085 2892 aninn',
1107 2825 1327 2896 praepositionem
1344 2828 1377 2878 ab
1396 2843 1453 2880 uon

210 2899 231 2946 ab
258 2893 350 2948 atr-wi
580 2893 608 2904 ''

210 2911 519 3043 Sbbdqmddecunio,
532 2961 638 3016 releius
646 2969 754 3014 auctore
763 2978 812 3030 po·
846 2957 964 3030 explica,
985 2958 1002 3013 i.
1021 2977 1044 3014 a
1067 2961 1139 3032 quod
1156 2961 1254 3016 attinet
1274 2963 1308 3016 ad
1325 2973 1455 3036 superstr-

210 3029 278 3096 tius,
297 3031 476 3096 divinandum,
495 3029 608 3084 sortasse
624 3029 647 3083 is
663 3029 698 3082 de
714 3028 812 3082 instru-
847 3027 964 3095 tionem,
991 3027 1063 3082 sicut
1085 3028 1178 3084 Cicero
1204 3029 1232 3084 in
1257 3031 1345 3087 Bruto
1372 3049 1396 3086 a
1418 3037 1454 3087 66

210 3099 306 3152 mentis
320 3097 440 3152 incendio
449 3097 476 3150 in
484 3099 550 3152 urbe
560 3097 699 3152 excitando
708 3114 812 3176 compa:
846 3095 962 3166 aliquem
979 3099 1145 3154 mediocriter
1170 3119 1187 3152 a
1213 3102 1335 3154 doctrina
1353 3103 1456 3154 instra-

210 3167 275 3220 ratis
301 3166 446 3234 cogitavit,
473 3182 541 3238 quae
565 3165 593 3218 in
619 3183 720 3220 summa
744 3173 812 3224 turn
848 3174 915 3218 ctam
934 3165 1007 3218 dicit.
1117 3217 1124 3232 ,

209 3235 337 3324 ⁰⁰l¹⁰⁰¹²l³
353 3242 438 3288 “¹²⁰¹''
485 3305 486 3310 ,
899 3258 1025 3312 ericrriarn
1043 3277 1099 3312 esse
1116 3277 1149 3312 ne
1166 3278 1212 3313 rex
1230 3265 1292 3329 cot]
1319 3261 1456 3316 Adiicitur

247 3346 275 3380 se
292 3331 406 3382 allevare
424 3329 545 3395 conatae]
571 3327 634 3380 Duo
647 3326 724 3380 codd.
741 3326 811 3380 Flor.
846 3276 928 3406 vulgo
941 3335 1006 3408 post
1023 3343 1080 3380 esse
1097 3329 1183 3396 inquit
1199 3338 1292 3382 corsua
1306 3329 1455 3398 legemLa·

213 3395 264 3450 CH
281 3405 310 3448 et
327 3397 441 3449 Bernss
460 3407 564 3462 conata,
583 3396 654 3466 quod
671 3401 750 3447 emat
767 3395 813 3466 qui
847 3401 972 3463 trmtatrs,
989 3413 1058 3476 quae
1075 3395 1103 3448 iu
1120 3395 1241 3450 oratione
1258 3396 1386 3450 indirecta
1403 3405 1456 3450 aut

210 3463 305 3516 malint
318 3464 442 3536 quoniam
455 3463 597 3534 praecessit
613 3462 733 3533 proxime
746 3465 813 3516 auis:
847 3464 886 3515 ait
904 3473 952 3516 aut
973 3466 1042 3516 dreit
1064 3463 1190 3533 postulat.
1230 3463 1285 3517 Sed
1311 3465 1385 3517 abest
1405 3464 1457 3518 illa

211 3533 258 3585 sed
279 3549 371 3586 carme
394 3542 485 3585 tamen
506 3531 652 3585 subiectum
675 3541 716 3584 est
737 3547 812 3602 prae-
850 3548 903 3584 vox
921 3533 954 3584 ab
972 3530 1092 3584 omuibus
1109 3531 1183 3585 libris
1200 3549 1271 3597 mss,
1289 3549 1338 3585 nec
1353 3533 1453 3585 dmunt

206 3600 324 3671 'cipuum
848 3599 972 3669 exempla
996 3599 1070 3652 verbi
1101 3599 1189 3654 anasei
1219 3600 1302 3654 etiam
1327 3600 1372 3653 ubi
1398 3618 1456 3654 non

248 3695 331 3760 §.12¹
368 3697 470 3763 dequo
489 3695 732 3760 catesconsaleret]
769 3691 814 3745 Sic
849 3666 906 3737 59⁸⁸
923 3683 991 3746 (ΙΨ
1008 3667 1066 3738 ‘inl'
1083 3668 1275 3722 dlxefltwba
1291 3670 1456 3749 lisel'untuss

211 3761 305 3832 optimi
323 3761 396 3825 libri,
422 3761 503 3816 ceteri
523 3764 709 3828 romulei-etur,
728 3760 815 3812 nullus
849 3736 921 3787 'ed‘
937 3752 989 3788 ’ω
1008 3744 1067 3789 ‘⁰¹⁸⁰
1083 3745 1233 3818 ”mutin
1257 3737 1314 3817 ,εκ
1335 3738 1378 3790 hb·
1402 3751 1457 3790 m·

211 3842 299 3884 certus
317 3839 409 3884 auctor
425 3829 550 3900 vulgatae
567 3833 771 3884 consulerentur.
850 3811 876 3924 ἓ*
897 3803 1003 3942 Ῑῖιὲἕὶ
1017 3803 1291 3943 ssfflL3V·7¹7¹l2‘·
1309 3820 1393 3872 xxm·
1412 3812 1459 3870 ⁴⁵²

886 3964 952 4046 Cap.
970 3973 1013 4036 27,
1032 3969 1055 4035 ξ.
1076 3973 1116 4021 18.
1152 3968 1223 4019 Hinc
1241 3969 1345 4020 animas
1364 3967 1459 4036 crevit]

851 4032 933 4088 Mula
950 4035 1065 4105 bonique
1083 4035 1159 4089 codd.
1183 4035 1272 4103 (Voss.
1298 4043 1309 4088 l
1330 4035 1409 4088 Bern.
1428 4036 1459 4090 A

213 4131 314 4180 intacta
330 4147 348 4181 a
366 4132 498 4198 superstit.
516 4132 608 4183 mentis
623 4130 731 4195 habent,
749 4127 815 4182 editi
849 4101 921 4156 Fl0‘·
938 4103 1025 4170 ABG)
1044 4105 1099 4169 Μ’
1123 4103 1169 4156 ⁸⁰d
1193 4104 1354 4174 l‘ssl'mutatio
1372 4101 1458 4157 ‘⁸⁰5¹ss
1507 4133 1514 4140 '

214 4205 304 4250 autem
321 4195 381 4249 inda
398 4216 415 4250 a
436 4197 553 4268 principa
576 4201 688 4251 intactae
716 4217 745 4250 ea
769 4217 815 4251 su·
850 4181 899 4224 ml·

210 4275 293 4335 peret.
311 4267 412 4319 mentis.
448 4267 502 4320 Sed
524 4284 572 4319 nec
594 4266 751 4346 intelligitur
768 4284 814 4320 cur
884 4284 960 4318 saara
977 4267 1043 4334 sare
1069 4267 1240 4333 occasionem]
1279 4265 1338 4319 Hoc
1364 4265 1459 4319 verbb.

214 4335 288 4386 ittara
305 4334 360 4386 siva
373 4352 430 4387 eam
440 4335 653 4405 superstitionem
668 4337 747 4401 dicat,
766 4352 815 4388 nea
849 4333 941 4386 ordine
958 4351 1017 4386 cum
1035 4333 1110 4386 Leid.
1128 4335 1205 4388 Voss.
1221 4343 1233 4386 1
1254 4351 1344 4386 omncs
1363 4333 1461 4389 nostri.

215 4404 366 4472 superstitio
383 4405 475 4456 mentis
494 4403 556 4457 alibi
565 4403 741 4474 coniungitur.
760 4403 813 4458 Ge·
850 4401 939 4471 Vulgo
957 4419 1001 4455 ore
1020 4420 1096 4456 raam
1115 4402 1200 4456 minus
1219 4401 1363 4473 eleganter.

392 2892 811 2963 uodlongevensrmiliusridetur.
846 2909 895 2961 pro
912 2891 1030 2946 ablativo
1047 2892 1159 2963 positam
1176 2902 1251 2964 puto,
1269 2895 1316 2948 sed
1330 2895 1454 2973 depasta

247 3942 298 3976 non
324 3926 438 3977 intactae
467 3943 485 3978 a
518 3942 532 3976 e
569 3926 700 3978 cratitione
724 3925 815 3976 mentis

212 3991 303 4062 scripsi
324 3992 359 4045 de
375 3992 529 4047 coniectura
568 3992 716 4046 miashemii
732 3991 815 4045 aNia

213 4059 324 4114 Heinsio
341 4061 461 4130 probata
481 4059 552 4114 Nam
570 4061 630 4115 libri
646 4071 813 4116 omnas'mss.
