3260 5042
205 301 255 372 70
676 314 710 377 o.
737 313 863 368 conrn
887 313 973 367 nom

205 497 303 572 sidiis
330 492 379 565 ad
404 517 526 593 regem
553 494 745 588 dimiserat,
767 509 889 572 tamen
914 497 1078 569 barbaris
1104 497 1246 593 spretis,
1271 499 1309 570 in
1334 497 1449 571 aciem

205 631 291 680 suos
335 603 471 678 eduxit
535 605 673 682 Eadem
704 607 775 682 illic
809 631 952 702 quoque
988 605 1133 677 fortuna
1170 608 1327 700 partium
1365 610 1449 681 fine:

207 716 323 791 tribus
359 718 503 815 proeliis
539 719 610 792 alia
640 729 749 812 atqua
781 717 852 787 alia
882 715 1028 810 regione
1060 715 1274 804 commissis,
1315 717 1450 791 Persae

207 827 417 902 firnduntur.
475 827 615 900 Eodem
646 834 808 920 tempore
842 823 966 896 classis
993 819 1231 894 Macedonum
1265 849 1313 896 ex
1339 822 1448 900 Grae·
1467 856 1504 904 aa

207 939 263 1012 cia
287 941 417 1027 accita,
444 936 715 1022 Aristomenen,
747 935 808 1030 qui
839 932 888 1008 ad
912 933 1138 1032 Hellesponti
1172 957 1274 1006 oram
1305 958 1448 1032 recupe

206 1048 358 1122 rendam
383 1072 408 1119 a
431 1045 553 1116 Dareo
579 1053 657 1116 erat
683 1045 828 1136 missus,
863 1047 978 1144 captis
1006 1046 1082 1120 eius
1108 1055 1173 1118 aut
1198 1045 1324 1119 mersis
1350 1047 1448 1118 navi·

206 1160 276 1232 bus
315 1155 472 1252 superet„
538 1150 573 1226 A
604 1153 750 1228 Milesiis
785 1156 916 1230 deinde
950 1154 1207 1228 Pharnabazus
1246 1157 1448 1253 praefectus
1468 1178 1503 1226 ar

206 1265 373 1341 Persicae
411 1265 535 1338 classis
575 1267 726 1364 pecunia
764 1278 910 1356 exacta,
955 1276 992 1338 et
1030 1263 1208 1362 praesidio
1247 1267 1284 1336 in
1323 1267 1449 1338 urbem

209 1375 339 1450 Chium
365 1374 583 1468 introducto,
610 1389 755 1450 centurn
780 1377 934 1450 navibus
959 1375 1141 1466 Andrum,
1175 1373 1322 1448 atinde
1347 1363 1449 1476 Siph-

206 1511 295 1560 num
320 1487 433 1584 petiit
472 1485 550 1562 Has
577 1513 719 1586 quoque
743 1488 879 1562 insulas
905 1486 1091 1586 praesidiis
1117 1496 1280 1585 occupat,
1299 1485 1450 1583 pecunia

207 1599 347 1671 multat
629 1643 632 1646 ·

310 1707 524 1805 Magnitudo
567 1708 667 1796 belli,
720 1709 816 1804 quod
862 1709 908 1780 ab
955 1707 1234 1806 opulentissimis
1281 1705 1448 1804 Europae
1468 1729 1507 1778 as

207 1817 387 1914 Asiaeque
412 1816 559 1915 regibus
583 1817 622 1888 in
647 1841 748 1914 spem
773 1820 885 1891 totius
911 1817 1008 1892 orbis
1034 1815 1232 1915 occupandi
1245 1816 1449 1914 gerebatur²

143 1955 147 1962 ·
209 1924 380 2002 Graeciae
407 1952 550 2024 quoque
577 1936 614 1999 et
640 1923 768 2000 Cretae
800 1953 901 2001 arma
931 1938 1184 2000 commoverat
1241 1927 1349 2024 Agis,
1382 1925 1449 1998 Luss
1468 1951 1506 2000 aa

176 2095 179 2101 -
208 2037 521 2113 cedaemoniorum
546 2061 629 2127 rex,
660 2048 743 2111 octo
767 2038 910 2112 milibus
938 2034 1175 2128 Graecorum,
1207 2037 1269 2134 qui
1296 2061 1344 2110 ex
1369 2034 1448 2110 (hli-

208 2149 264 2220 cia
288 2149 430 2247 profugi
456 2147 583 2221 domos
610 2149 837 2247 repetierant,
864 2150 1068 2239 contractis,
1094 2149 1228 2222 bellum
1253 2148 1449 2246 Antipatro

205 2255 439 2332 Macedoniae
471 2260 653 2357 praefecto
685 2258 909 2333 moliebatur.
963 2258 1152 2334 Cretenses
1187 2259 1253 2332 has
1280 2270 1345 2332 aut
1369 2259 1449 2330 illas
1467 2275 1507 2323 ιο

207 2377 329 2466 partes
355 2371 478 2457 secuti
504 2394 601 2442 nunc
627 2367 905 2466 Spartanorumf
930 2395 1026 2444 nunc
1051 2369 1292 2443 Macedonum
1316 2369 1449 2466 praesi-

162 2473 168 2575 ἶ
209 2478 276 2560 diis
303 2479 584 2578 occupabantur.
625 2476 697 2555 Sed
722 2479 860 2554 leviora
884 2481 1083 2554 interillos
1109 2481 1209 2553 fuere
1235 2479 1449 2568 discrimina,

159 2579 166 2682 l
207 2613 320 2661 unum
347 2601 539 2680 certamen,
566 2617 612 2664 ex
638 2617 710 2689 quo
736 2601 856 2666 cetera
882 2591 1098 2690 pendebant,
1111 2591 1273 2664 intuente
1295 2590 1449 2662 fortuna

159 2709 180 2778 7
310 2697 387 2772 Iam
414 2711 492 2773 tota
519 2697 640 2798 Syria,
656 2703 737 2776 iam
763 2701 942 2792 Phoenice
969 2727 1126 2800 quoque,
1162 2711 1315 2798 excepta
1341 2697 1449 2798 Tyro,
1467 2725 1506 2774 11.

207 2807 446 2882 Macedonum
477 2822 571 2901 erat,
602 2811 829 2909 habebatque
864 2838 932 2886 rex
967 2825 1086 2886 castra
1117 2813 1156 2884 in
1187 2810 1400 2900 continenti,
1428 2833 1451 2882 a

244 3025 309 3106 Cap.
325 3032 350 3091 6,
370 3027 392 3094 ξ.
409 3033 451 3081 so.
472 3028 664 3096 Ariamenen]
683 3025 811 3082 Graecam
848 3037 878 3082 et
894 3029 971 3083 Voss.
992 3036 1004 3082 1
1024 3031 1079 3095 lis,
1102 3027 1183 3082 Ber-n
1207 3027 1232 3081 B
1255 3029 1310 3094 tic,
1333 3026 1405 3081 Flor.
1424 3024 1451 3079 G

208 3093 436 3162 terminationem,
467 3113 547 3166 qnam
575 3097 654 3150 Snak.
682 3113 715 3148 ex
735 3095 812 3150 restit
848 3099 912 3162 hon,
939 3097 1026 3151 nullus
1055 3115 1101 3151 eoa
1144 3098 1196 3151 uod
1221 3095 1341 3149 Freinsh.
1367 3095 1451 3147 dedit.

208 3179 283 3216 more
300 3179 361 3228 auo,
384 3163 464 3216 Bern.
489 3164 515 3216 A
537 3173 567 3216 et
584 3165 654 3218 Flor.
673 3115 751 3218 ABPG
767 3173 811 3218 tu·
894 3165 981 3218 uidem
998 3182 1057 3219 cum
1075 3115 1167 3218 Modo
1184 3167 1234 3218 lae
1250 3163 1368 3234 probavi
1385 3230 1392 3242 .

210 3239 303 3298 entur;
322 3231 405 3284 ceteri
422 3230 494 3300 vulg.
515 3235 712 3286 Aristomenem.
902 3241 968 3287 .40.
1004 3251 1073 3286 nunc
1105 3234 1307 3302 Spartanonnn]
1352 3231 1453 3284 Mrrum

245 3309 291 3351 aut
314 3301 409 3352 mersis
432 3302 554 3369 novibus]
596 3300 687 3356 cote·
703 3303 810 3368 evasis,
870 3319 932 3354 uam
955 3301 1010 3354 alte
1038 3301 1154 3354 haeserit
1246 3316 1291 3352 are
1314 3300 1453 3352 mendum:

210 3365 651 3492 ioemd'ffitffififfi'aigijoe
668 3369 811 3490 luniusdpt-
850 3319 927 3424 loss.
946 3377 957 3422 1
975 3369 1117 3490 &Rupit
1131 3368 1204 3450 Plor.
1266 3367 1341 3422 CEH
1354 3369 1453 3438 partu-

210 3452 494 3556 fflldlhemimbsdta
515 3455 811 3577 mereim-limane&
850 3455 986 3577 uomit,
999 3456 1023 3573 §l
1034 3513 1057 3558 l.
1076 3455 1255 3558 szaetppppnm.
1266 3505 1336 3574 erut]
1355 3502 1453 3573 Singu-

211 3587 271 3624 oum
293 3571 345 3623 scri
364 3579 441 3624 turae
481 3573 611 3626 mximum
634 3584 692 3640 est,
720 3593 811 3646 quam-
850 3574 932 3628 larem
949 3591 1086 3627 numer-tun
1109 3582 1139 3625 et
1161 3572 1302 3625 disiunctio
1318 3571 1454 3625 nontinunr

211 3655 290 3718 quam
327 3705 334 3718 ο
386 3590 490 3719 dicendi
522 3641 650 3695 rationem
683 3661 812 3724 usumque
851 3642 1019 3696 commendat
1036 3650 1064 3694 et
1081 3641 1199 3712 postulat
1216 3640 1334 3694 codicum
1350 3649 1455 3694 nosno-

212 3711 810 3782 scnptorrsnostmetramdemersiaprobabrle.
850 3729 910 3764 rum
935 3727 1084 3764 cosmarus.
1114 3727 1131 3762 a
1157 3726 1211 3779 quo
1237 3726 1291 3761 non
1318 3709 1394 3760 abest
1420 3708 1454 3759 de

247 3777 270 3842 ξ.
289 3781 331 3828 87.
356 3778 385 3826 in
407 3777 496 3829 urbem
523 3778 629 3860 Cliton]
665 3779 734 3832 Vide
750 3780 775 3832 h.
794 3779 811 3832 l.
851 3778 1093 3848 Snalrenburgianis
1110 3777 1160 3830 nisi
1179 3781 1254 3830 Voss
1268 3783 1293 3830 2.
1320 3775 1393 3829 Editi
1411 3783 1453 3828 ta·

213 3843 390 3912 corruptionis
408 3847 505 3914 gradus
523 3846 551 3898 in
568 3847 640 3902 libris
659 3851 812 3910 maallnte-
851 3863 913 3900 men
929 3855 1036 3917 praeter
1053 3846 1126 3900 Mod.
1145 3855 1228 3899 uam.

247 3912 312 3964 'ores
331 3910 404 3964 Leid.
423 3912 499 3966 Voss.
521 3924 543 3980 1,
563 3915 641 3969 Bern.
660 3923 683 3970 A
703 3916 774 3970 Flor.
787 3921 814 3970 A
886 3918 915 3968 in
933 3917 1074 3968 aeminenti
1091 3933 1108 3967 o
1126 3932 1177 3983 qao
1195 3916 1259 3982 oet}
1296 3913 1339 3966 De
1356 3927 1454 3982 genere

232 3981 294 4045 iam,
313 3979 508 4048 FlouBhami,
528 3983 589 4036 inde
626 3983 717 4039 rosecti
726 4001 814 4038 eorre-
852 3983 997 4037 masculino
1027 3983 1103 4036 huius
1131 3982 1202 4036 vocis
1232 3987 1306 4049 (nam
1334 3981 1453 4034 neutrius
1519 3979 1532 3990 ““

213 4049 409 4114 neomaenia,
419 4052 489 4118 quod
499 4059 541 4103 est
550 4003 813 4120 millenarum,
853 4069 906 4105 non
924 4069 980 4106 esse
998 4069 1056 4122 cap.
1069 4059 1083 4106 t)
1098 4049 1265 4103 accusativus
1282 4052 1453 4102 continentem

214 4115 466 4238 tttt‘ltett?
475 4119 578 4240 allel
592 4121 747 4243 §aad
761 4125 815 4242 ali
853 4121 1092 4242 &Putant
1111 4116 1453 4239 Stltthtfdtnt·

215 4267 277 4372 seps
295 4225 375 4306 liabet
393 4263 421 4306 ot
436 4255 539 4334 Flor3C
550 4265 629 4310 ctma
662 4207 814 4337 ,ΕἰόπῗΕΕἶ
853 4229 990 4310 sed'nutta
1008 4257 1032 4306 h.
1052 4255 1067 4307 l.
1086 4205 1199 4308 viriatus
1207 4203 1255 4307 {bt
1265 4253 1384 4334 codicum
1393 4224 1453 4332 merl

265 4337 298 4372 ns
315 4326 424 4390 qaoque]
443 4323 567 4394 Plerique
585 4327 634 4379 cod
654 4367 661 4377 .
679 4336 707 4378 ct
720 4326 814 4378 editio-
853 4325 890 4377 Et
909 4325 979 4394 apud
1000 4323 1107 4376 Florum
1125 4339 1157 4389 n,
1176 4331 1202 4388 2,
1221 4331 1235 4376 2
1255 4322 1375 4375 meliores
1394 4321 1454 4374 lrbrr

215 4404 261 4442 nes
278 4389 403 4460 antiquae
426 4393 466 4458 is,
490 4393 609 4446 nonnulli
632 4393 702 4448 Flor.
725 4393 814 4448 nbat
853 4397 891 4446 ad
907 4396 1076 4446 continentem
1094 4409 1169 4446 saum
1189 4401 1305 4445 tuentur.
