3346 5044
595 351 646 406 na
672 338 936 406 enarra-'anun
961 351 998 420 v,
1024 349 1067 398 ar.
1370 320 1444 402 209

203 532 474 631 deprecantium
500 535 629 634 specie,
656 545 825 622 ceterum,
845 533 883 604 si
907 537 1165 630 perseveraret,
1189 531 1356 622 vincturi,
1382 521 1447 608 oirss

152 667 183 712 ιι
204 643 480 720 cumstetissent
517 643 765 744 Nabarzanes
791 643 933 716 interim
959 642 1112 741 elapsus,
1137 665 1225 716 mox
1250 651 1289 718 et
1312 639 1445 718 Bessus

204 763 429 844 consecutus,
457 753 596 850 copias,
623 753 752 849 quibus
778 763 988 853 praeerant,
1014 779 1037 826 a
1062 763 1181 827 cetero
1207 753 1368 827 exercitu
1392 772 1447 826 se·

151 881 192 932 rr
203 863 332 939 cedere
357 865 498 952 iubent,
531 872 711 936 secretum
741 864 864 938 inituri
889 863 1084 936 consilium.
1137 862 1339 936 Artabazus
1365 885 1447 937 con·

147 1023 151 1030 -
202 977 408 1049 venientem
449 971 633 1070 praesenti
671 973 836 1048 fortunae
877 973 1091 1046 sententiam
1125 995 1245 1074 orsus,
1283 972 1446 1070 mitigare

202 1084 372 1172 Dareum,
399 1091 604 1182 temporum
630 1083 827 1158 identidem
853 1081 1060 1174 admonens,
1086 1084 1221 1180 coepit:
1253 1083 1364 1156 ferret
1388 1099 1445 1157 ue·

203 1219 274 1290 quo
306 1191 426 1266 animo
459 1195 777 1290 qualiumcunque,
813 1215 960 1266 suorum
994 1203 1134 1283 tamen,
1159 1194 1219 1266 vel
1244 1191 1445 1284 stultitiam,

184 1305 262 1378 ·vel
289 1329 457 1378 errorem.
507 1303 650 1376 Instare
675 1302 925 1376 Alexandrum
959 1328 1122 1401 gravem,
1157 1303 1296 1378 etiarnsi
1322 1321 1446 1378 omnes

202 1425 348 1514 praesto
389 1423 526 1488 essent:
566 1410 652 1510 quid
690 1411 866 1502 firturum,
906 1415 938 1486 si
969 1414 1145 1512 persecuti
1181 1415 1304 1512 fugam
1334 1415 1446 1512 ipsius

151 1545 184 1594 ra
203 1522 430 1600 alienentur?
464 1522 586 1620 Aegre
617 1522 738 1619 paruit
762 1521 965 1616 Artabazo,
996 1536 1035 1599 et
1059 1509 1447 1622 quamquam'movere

203 1635 323 1710 castra
347 1642 540 1722 statuerat,
575 1633 731 1706 turbatis
757 1643 879 1708 tamen
904 1637 1063 1708 omnium
1088 1635 1231 1724 animis,
1258 1634 1386 1709 eodem
1409 1634 1448 1708 in

202 1747 283 1818 loco
296 1743 468 1818 substitit
496 1741 571 1818 Sed
595 1743 771 1817 attonitus
798 1746 978 1818 maestitia
1004 1746 1107 1820 simul
1134 1753 1172 1818 et
1197 1739 1447 1842 desperatione

151 1877 186 1924 ιι
203 1855 436 1950 tabernaculo
470 1879 510 1929 se
543 1855 697 1927 inclusit
749 1853 846 1952 Ergo
872 1857 909 1928 in
935 1857 1080 1946 omnis,
1103 1879 1205 1951 -quae
1237 1855 1368 1928 nullius
1392 1875 1448 1927 re·
1519 1919 1521 1924 ,
1560 1891 1563 1896 -

182 1966 386 2066 gebenna·
406 1965 567 2062 imperio,
581 1964 673 2037 varii
698 1965 900 2038 animorum
925 1975 1045 2039 motus
1071 1975 1184 2054 erant,
1197 1989 1264 2038 nec
1289 1965 1327 2037 in
1353 1987 1448 2038 com·

149 2095 184 2145 ra
201 2101 327 2166 mune,
362 2085 405 2148 ut
438 2085 562 2165 antea,
596 2075 870 2168 consuebatur„
924 2073 1012 2150 Dux
1043 2071 1261 2150 Graecorum
1293 2073 1447 2148 militum

200 2186 340 2261 Patron
374 2209 476 2258 arma
511 2208 639 2282 capere
674 2209 760 2260 suos
792 2185 910 2275 iubet,
944 2195 1160 2285 paratosque
1185 2211 1265 2261 esse
1290 2181 1340 2260 ad
1364 2207 1447 2260 exe·

148 2315 182 2364 rr
201 2295 397 2396 quendum·
419 2295 618 2394 imperium.
671 2293 804 2370 Persae
830 2307 1070 2394 secesserant:
1104 2294 1237 2369 Bessus
1273 2319 1355 2369 cum
1380 2294 1448 2368 Ba·

201 2409 348 2482 ctrianis
374 2417 468 2498 erat,
503 2406 776 2504 temptabatque
801 2405 931 2504 Persas
958 2406 1151 2498 abducere,
1177 2405 1308 2480 Bactra
1334 2417 1372 2480 et
1394 2407 1448 2478 in·

200 2529 321 2592 tactae
350 2518 508 2616 regionis
541 2517 729 2614 opulenta,
765 2518 947 2614 simulque
968 2543 1059 2615 quae
1083 2518 1310 2591 manentibus
1329 2517 1447 2616 insta·

200 2638 284 2703 rent
312 2629 491 2728 pericula,
528 2637 726 2702 ostentans.
792 2627 985 2702 Persamm
1019 2627 1177 2700 omnium
1210 2625 1337 2700 eadem
1370 2629 1446 2701 fere

150 2759 183 2806 1⁷
201 2739 270 2814 trit
300 2765 392 2831 vox,
425 2742 526 2814 nefas
562 2763 641 2814 esse
677 2738 794 2812 deseri
819 2763 951 2837 regem.
1004 2737 1102 2810 Inter
1127 2737 1215 2809 haec
1240 2735 1445 2810 Artabazus

200 2850 367 2924 omnibus
399 2851 637 2950 imperatoriis
672 2848 890 2947 fungebatur
915 2849 1058 2922 officiis:
1092 2849 1149 2922 ille
1175 2848 1368 2921 Persarum
1393 2857 1446 2920 ta·

199 3077 306 3146 ornnes
322 3065 444 3122 veritatis
475 3076 553 3121 notas
583 3066 702 3120 baberet
755 3063 810 3120 sed
868 3067 902 3144 ἦ..
921 3071 972 3144 13..
997 3081 1075 3134 aspre
1086 3057 1191 3144 paruit]
1216 3062 1379 3118 Faciundum
1394 3081 1446 3135 pu·

199 3134 329 3217 originem
346 3137 506 3208 depravatae
524 3135 670 3216 scripturae
683 3150 718 3186 ex
731 3133 810 3188 obso-
843 3140 899 3186 tavr
916 3141 947 3186 ut
964 3133 1124 3203 ingeniosam
1136 3131 1249 3186 Amdalii
1267 3131 1446 3186 coniecturam

201 3203 261 3256 latu
277 3203 429 3258 bttcrarum
444 3202 569 3257 ductibus
581 3221 609 3256 ιιι
622 3199 810 3256 taminationc
843 3200 896 3255 reci
916 3217 987 3254 erem
1003 3219 1052 3282 pro
1069 3217 1111 3268 eo,
1129 3202 1199 3272 quod
1216 3199 1329 3255 inb'bria
1342 3208 1371 3255 et
1384 3217 1445 3254 mss.

201 3271 272 3326 voris
289 3273 486 3342 deprecantinm
503 3279 625 3342 repetere
642 3262 721 3324 nralo.
843 3278 873 3322 et
888 3270 923 3324 o'
967 3271 1045 3323 cdrtrs
1063 3269 1071 3321 l
1107 3269 1167 3331 tur,
1185 3271 1332 3323 alienentur
1344 3287 1362 3322 o
1376 3286 1445 3339 repe.

236 3344 262 3406 ς.
289 3348 330 3394 11.
373 3359 433 3394 rnoa
463 3351 486 3392 et
512 3341 613 3393 Bessus
645 3339 807 3406 consensus]
843 3339 887 3390 En
910 3341 1058 3407 reparata
1121 3337 1178 3392 imis
1200 3335 1270 3390 enim
1292 3336 1445 3408 languidum

201 3405 414 3478 Vulgosccntns,
433 3409 479 3461 sed
492 3417 612 3462 nostrum
621 3405 723 3460 codices
732 3405 809 3459 unice
842 3416 893 3471 ast,
910 3405 1029 3477 quamvis
1046 3405 1128 3476 possis
1146 3423 1177 3460 eu
1195 3421 1224 3458 re
1259 3421 1290 3459 ro
1324 3415 1443 3486 nptereu

200 3483 311 3530 tuentur
324 3477 419 3545 (etiam
434 3475 564 3530 scribendi
574 3474 706 3529 rationem
718 3473 809 3528 littera
843 3473 943 3528 dictum
965 3475 1098 3545 accipere,
1130 3474 1157 3526 id
1219 3423 1260 3528 od
1308 3474 1383 3526 udrus
1410 3471 1445 3526 ad

201 3561 225 3612 c,
242 3543 277 3598 da
294 3561 349 3616 qua
366 3562 443 3598 nemo
461 3553 582 3597 veterum
599 3541 756 3663 dubitarit).
842 3542 955 3595 Pbaedr.
980 3542 1095 3596 fabulam
1119 3549 1148 3596 11
1176 3541 1194 3595 b
1214 3541 1236 3595 ri
1254 3541 1400 3595 rdefendit
1416 3557 1443 3612 p.

236 3615 259 3681 ξ.
278 3619 320 3667 12.
354 3615 456 3667 instare
475 3613 670 3682 Alexandrum]
690 3613 723 3692 'A
741 3611 809 3664 dunt
842 3618 877 3665 14
894 3611 957 3665 adit.
970 3611 1067 3664 'Bur-in.

200 3688 262 3800 quet
288 3682 390 3735 instare
416 3680 520 3734 codices
543 3691 643 3746 tumen,
670 3678 719 3732 msi
737 3679 808 3750 quod

227 3765 278 3802 oss.
296 3755 311 3802 2
329 3756 360 3801 et
376 3747 486 3803 FlenG
502 3749 546 3803 hic
557 3747 671 3829 'quidem
689 3763 723 3800 ex
739 3765 807 3802 corr.
877 3717 902 3834 ἱ

199 3884 809 3956 emme
843 3849 1216 3985 tet-,nannai
1232 3847 1365 3970 ιιιιι
1378 3847 1443 3968 ιι

924 3718 965 3766 14.
1006 3721 1033 3766 at
1059 3713 1149 3783 antec]
1194 3711 1353 3782 Discrcpnut
1381 3709 1443 3765 libri

842 3799 884 3834 me
896 3781 962 3836 'ores
979 3780 1049 3834 inter
1065 3796 1109 3846 se;
1128 3798 1189 3834 nam
1205 3779 1279 3834 Leid.
1296 3787 1326 3833 ct
1339 3777 1441 3833 Vosal

199 3971 248 4076 ἓ]
264 3953 809 4094 ffimssfflffissffiofflegffi
843 3994 1070 4110 ‹1queqqaqqqnqqqe⁸
1089 3984 1204 4056 Reliqua
1226 3984 1305 4038 turbs
1320 3983 1376 4038 siue
1393 3984 1444 4037 du·

200 4090 276 4144 tiam.
299 4089 415 4145 Videtur
435 4107 451 4144 e
468 4089 630 4162 praegressis
647 4088 717 4142 male
733 4104 808 4160 repa·

200 4157 295 4212 titum·
321 4158 350 4212 in
380 4159 541 4213 editionibus
564 4158 672 4230 quidem
693 4157 750 4211 anti
768 4157 808 4210 uis
878 4159 902 4225 §.
930 4163 970 4212 16.
1016 4157 1129 4208 intactae
1164 4155 1280 4223 septonia
1310 4155 1443 4236 opulenta]

199 4234 265 4279 ante
282 4199 387 4281 iunium
414 4236 444 4282 et
465 4227 587 4281 Medium
613 4226 727 4280 alterum
742 4173 809 4279 idad
842 4224 956 4278 Dicendi
974 4240 1063 4302 genus.
1075 4223 1169 4277 Curtio
1190 4222 1318 4277 familiare
1339 4222 1444 4276 reniam

199 4305 295 4363 tomen,
313 4297 384 4369 quod
417 4296 533 4351 raecedit
547 4313 735 4361 cumanorum,
754 4311 808 4348 non
843 4297 963 4363 opulenta
986 4293 1134 4362 recipiendo
1160 4310 1194 4345 ex
1219 4292 1299 4345 Bern.
1321 4299 1350 4344 et
1370 4290 1444 4345 Flor.

199 4362 313 4436 legitur,
341 4315 417 4436 quod
431 4365 609 4420 necessarium
625 4373 700 4420 recte
716 4363 807 4418 existi·
843 4363 974 4416 codicibus
991 4361 1111 4414 omnibus
1127 4369 1156 4415 et
1173 4359 1247 4413 Leid.
1266 4359 1342 4413 Voss.
1362 4367 1374 4414 l
1394 4377 1444 4431 pro

198 4439 296 4487 matur.
843 4432 914 4502 vulg.
931 4431 1096 4500 opulentiam.
1133 4429 1410 4496 utnusquam.
