3330 5050
596 341 643 394 on
669 341 797 398 casrrs
824 341 1106 413 suax.vn1,as.
1373 321 1445 394 389

151 550 187 596 ar
207 525 389 608 restituit¹
424 521 575 601 Sceleris
594 537 714 602 autem
733 539 908 618 auctores,
934 529 1096 624 interque
1117 551 1177 599 eos
1198 525 1447 616 Callisthenen,

206 639 346 711 vinctos
373 640 552 712 asservari
578 638 695 713 iub'et:
723 640 852 736 quibus
878 641 915 713 in
941 641 1075 737 regiam
1094 635 1266 726 adductis,
1294 649 1371 710 toto
1390 636 1448 710 die

207 759 244 822 et
269 759 375 822 nocte
401 751 576 848 proxima,
602 775 701 822 mero
729 775 770 822 ac
798 750 925 847 vigiliis
951 751 1082 848 gravis,
1109 749 1294 844 acquievit.

151 880 188 928 28
310 859 461 935 Postero
489 873 609 935 autem
635 861 801 957 frequens
831 861 1016 935 consilium
1043 860 1218 947 adhibuit,
1246 860 1301 932 cui
1328 861 1499 956 patres‘l4

207 973 466 1071 propinquique
494 997 634 1061 eorum,
662 970 706 1043 de
734 973 863 1069 quibus
890 973 1074 1070 agebatur,
1100 972 1304 1060 intererant,
1332 996 1376 1044 ne
1403 970 1448 1042 de

206 1107 272 1157 sua
298 1083 442 1181 quidem
468 1085 584 1156 salute
611 1085 743 1156 securi:
777 1086 908 1182 quippe
933 1082 1171 1157 Macedonum
1201 1107 1300 1155 more
1332 1080 1447 1178 perire

206 1193 396 1286 debebant,
423 1194 583 1268 omnium
610 1192 751 1268 devotis
779 1196 972 1294 capitibus,
999 1195 1059 1291 qui
1086 1193 1258 1291 sanguine
1284 1192 1447 1289 contigis-

153 1323 188 1372 as
207 1317 288 1380 sent
325 1331 396 1380 eos.
450 1305 532 1378 Rex
569 1303 747 1378 introduci
788 1308 1004 1389 coniuratos
1030 1315 1173 1404 praeter
1208 1302 1448 1377 Callisthenen

206 1417 327 1492 iussit:
369 1426 478 1513 atque
517 1440 607 1512 quae
645 1417 890 1515 agitaverant,
930 1417 1005 1490 sine
1040 1415 1265 1490 cunctatione
1296 1413 1449 1488 confessi

153 1546 188 1594 ao
206 1539 299 1601 sunt
352 1526 625 1625 increpantibus
658 1526 788 1601 deinde
819 1529 995 1602 universis
1027 1552 1107 1618 eos,
1151 1527 1226 1624 ipse
1260 1551 1343 1616 rex,
1378 1551 1449 1623 quo

206 1663 271 1711 suo
296 1639 425 1713 merito
451 1649 595 1712 tantum
616 1640 651 1712 in
671 1651 786 1713 semet
812 1639 1031 1738 cogitassent
1054 1637 1217 1712 faenus?
1242 1639 1447 1735 interrogat

152 1744 447 1847 vruStupentibus
474 1750 618 1843 ceteris,
645 1749 877 1841 Hermolaus,
908 1748 986 1827 Nos
1010 1775 1102 1841 vcro,
1128 1748 1256 1847 inquit,
1283 1749 1448 1848 quonum,

206 1859 306 1958 quusi
329 1863 476 1955 mucius,
516 1864 666 1962 mnata,
703 1863 875 1938 occidendi
899 1875 929 1936 te
954 1863 1128 1938 cussilium
1153 1859 1329 1952 inivimus,
1367 1860 1448 1960 quia

205 1993 272 2044 non
295 1983 332 2044 ut
357 1973 512 2073 immuta
537 1972 704 2072 iopam
729 1975 880 2073 coepisti,
916 1974 978 2049 sad
1008 1973 1108 2074 musi
1137 1971 1173 2044 in
1198 1969 1368 2070 nmncpic
1392 1969 1449 2044 do

170 2081 359 2156 minuma
410 2083 553 2158 Primus
576 2110 633 2158 ex
664 2086 829 2159 omnibus
856 2095 960 2184 pater
984 2085 1094 2184 ipsius
1121 2080 1277 2180 Sopolis,
1308 2081 1448 2180 parrici-

206 2189 425 2268 demetiam
449 2196 610 2295 parentis
636 2197 691 2271 sui
718 2197 906 2270 clamitans
931 2221 1019 2287 esse,
1037 2195 1244 2291 consurgit,
1271 2192 1380 2267 etad
1405 2218 1447 2267 os

206 2327 315 2376 manu
348 2305 509 2396 obiecta,
552 2309 686 2382 scelere
719 2317 758 2382 et
798 2307 901 2380 malis
942 2297 1178 2381 insanientem
1213 2305 1306 2377 ultra
1339 2313 1448 2401 negat

172 2414 434 2490 saudiendum.
488 2417 570 2491 Rex
601 2419 753 2492 inhibito
791 2427 895 2516 patre
928 2417 1046 2492 dicere
1076 2415 1307 2490 Hermolaum
1338 2413 1447 2504 iubet,

126 2583 132 2594 .
206 2551 298 2621 quae
339 2553 386 2602 ex
422 2531 596 2628 magistro
635 2527 817 2602 didicisset
855 2526 1081 2603 Callisthene.
1140 2525 1189 2600 Et
1224 2524 1447 2616 Hermolaus,

216 2635 310 2731 Πίον,
335 2639 465 2738 inquit,
498 2640 650 2736 basuini>
675 2653 746 2732 tuo,
776 2653 809 2714 et
833 2641 923 2733 dico,
955 2665 1040 2742 qaue
1064 2638 1185 2714 nostes
1209 2638 1308 2713 males
1333 2637 1447 2713 dedici

172 2745 317 2831 tibtote
335 2777 426 2851 pars
449 2751 677 2827 Macedonum
701 2752 859 2827 sanmuro
884 2765 959 2826 tuuc
984 2749 1157 2851 superest?
1183 2764 1298 2850 quotus
1315 2749 1448 2850 quidun

207 2883 274 2934 non
299 2885 317 2934 e
341 2862 503 2937 vinomo
528 2863 717 2964 sanquine?
768 2863 904 2938 Attalus
935 2877 967 2938 at
989 2863 1136 2939 Philitas
1161 2875 1192 2935 ct
1215 2861 1394 2936 Pannenio
1419 2873 1450 2934 et

204 2969 384 3070 Lyncestes
417 2973 614 3048 uuanda
647 2987 691 3065 a
713 2971 837 3067 Clau,
877 2987 1038 3074 nonan
1077 2975 1125 3048 ad
1157 2974 1260 3048 usas
1296 2970 1448 3072 patiar,

205 3081 334 3176 vivum,
373 3095 463 3158 unu
478 3082 524 3156 'in
550 3086 635 3178 acie,
673 3097 702 3158 te
727 3085 842 3185 clipeis
867 3085 939 3159 suis
964 3099 1156 3188 pactapact,
1191 3097 1310 3184 cipro
1337 3081 1447 3182 paria

182 3205 272 3284 aa,
292 3220 361 3293 pro
377 3195 518 3282 vuwrw
534 3195 675 3270 munau
693 3197 881 3296 accipiunt:
907 3197 1026 3297 quibus
1052 3211 1088 3272 tu
1112 3194 1278 3297 eprepiam
1300 3193 1447 3294 pratum

172 3307 364 3382 cretatae.
418 3307 521 3381 Alius
546 3333 703 3382 mensum·
722 3321 815 3382 tuam
840 3307 1004 3408 sanquine
1028 3334 1089 3384 suo
1115 3307 1264 3406 aspersit
1296 3306 1383 3379 alius
1407 3329 1449 3380 uc

119 3487 123 3492 ⁵
240 3497 306 3568 Cap.
321 3503 368 3565 Ν,
391 3503 414 3569 ς.
429 3505 471 3554 28.
502 3503 635 3622 {repuens
661 3500 812 3571 consilium]
848 3501 942 3569 ucula,
968 3501 1035 3556 haec
1052 3519 1105 3554 nou
1122 3499 1197 3564 item,
1224 3515 1284 3551 nem
1306 3497 1351 3578 ubi
1373 3513 1450 3578 prae-

205 3565 278 3620 uuis
288 3567 361 3622 Mod.
380 3577 408 3623 et
424 3568 496 3623 Flor.
549 3571 696 3633 concilium,
715 3568 811 3623 Ccon-
849 3569 929 3624 cessit
946 3581 1024 3642 quoto
1044 3587 1111 3639 pars
1129 3569 1303 3622 Macedonum
1319 3565 1450 3634 significat

205 3636 317 3689 scilium.
343 3635 399 3690 Sed
412 3645 473 3708 post
487 3643 589 3708 capti)
605 3640 739 3692 conuitium
757 3637 813 3690 sina
849 3650 941 3710 quotus
959 3637 1027 3692 idern
1046 3639 1102 3692 sere
1118 3637 1188 3708 quod
1203 3635 1272 3689 solet
1288 3637 1450 3706 quotusquis-

206 3702 260 3756 ulls
285 3703 416 3759 varietate
439 3723 499 3759 mss.
522 3724 600 3777 quam
621 3723 683 3759 uam
707 3705 813 3760 Modius
848 3725 898 3779 qus
914 3705 975 3760 dici.
1008 3709 1116 3769 Quidem
1134 3713 1221 3757 autern
1239 3703 1275 3756 itu
1292 3703 1450 3757 sententiam

206 3770 313 3843 quidem
329 3771 393 3826 item
411 3777 548 3828 concilim
566 3723 650 3829 dedit.
681 3775 748 3829 Mox
765 3793 813 3846 pro
849 3775 925 3847 quasi
945 3775 1083 3846 restringit
1100 3783 1131 3826 ut
1148 3773 1194 3826 ait:
1222 3789 1257 3824 ex
1278 3771 1328 3824 illis
1363 3772 1450 3826 uidem

206 3841 327 3963 guilenci?
334 3849 386 3962 1pst
402 3845 570 3922 cqatiqissent
588 3861 646 3912 scs,
673 3851 728 3897 uon
745 3842 813 3896 mule
848 3843 894 3916 qui
908 3843 1026 3965 aliqu&
1038 3841 1360 3964 generi⁸ar¹i2⁰bilit⁸te¹rndri
1377 3849 1448 3963 Ἓξ,

363 3929 460 3964 ernsrus
477 3930 545 3964 reos.
853 3931 914 3966 narn
959 3929 974 3964 e
1010 3931 1040 3966 us
1083 3930 1099 3964 a
1188 3928 1262 3964 soes.
1377 3929 1391 3963 s
1438 3941 1450 3952 ·

240 3981 263 4044 5.
276 3985 300 4031 4.
335 3990 429 4050 quotus
445 3983 552 4048 quidem
575 3980 814 4051 nocentissimo]
851 3991 889 4036 tes
903 3931 1001 4034 inpacta
1010 3929 1082 4034 stoi
1091 3978 1180 4033 DFGl
1195 3989 1273 4050 utque
1286 3977 1322 4032 sic
1332 3977 1450 4031 Modium

206 4045 281 4100 Ferri
299 4047 393 4130 nequit
410 4049 482 4119 quod
500 4048 528 4101 in
546 4047 664 4119 plurimis
680 4049 758 4102 codd.
773 4057 816 4102 est
850 4049 973 4104 existimo
990 4050 1105 4103 scribere
1126 4048 1252 4112 voluisse,
1278 4047 1350 4101 cuius
1367 4045 1449 4100 editio

207 4131 259 4167 non
281 4133 298 4168 a
320 4119 364 4170 snt.
382 4119 527 4198 sanquine,
553 4117 600 4170 sed
622 4127 665 4170 est
683 4135 696 4170 s
713 4125 813 4186 tamen,
850 4117 1010 4190 ineptissime
1027 4128 1068 4171 sta
1090 4117 1205 4171 exhibet
1240 4114 1362 4185 Denique
1382 4117 1450 4168 esci·

225 4185 277 4238 uod
295 4184 379 4238 Aldus
397 4203 496 4256 primns
514 4194 676 4252 correxerat,
694 4185 722 4238 in
742 4185 813 4240 Flor.
845 4191 924 4258 piant
942 4204 990 4258 pro
1007 4186 1078 4256 vulg.
1093 4188 1224 4255 accipiunt
1242 4201 1310 4237 nunc
1327 4184 1386 4238 dedi
1405 4201 1450 4238 co·

206 4201 265 4306 dB.
300 4252 354 4306 Sed
372 4263 403 4306 ut
420 4254 470 4308 hoc
482 4255 561 4321 bene,
579 4255 618 4309 ita
631 4263 729 4308 temere
744 4254 814 4308 idem
849 4256 937 4310 dicum
955 4266 1103 4310 nostrorum
1127 4263 1154 4308 et
1170 4255 1232 4308 edit.
1251 4253 1323 4306 Mod.
1341 4269 1450 4308 consen·

207 4319 278 4385 fecit,
296 4323 367 4394 quod
384 4322 502 4376 omnium
517 4341 577 4376 mss.
592 4323 707 4378 lectione
720 4335 814 4395 quotam
848 4343 905 4378 sum
923 4333 1037 4390 meatus,
1055 4342 1071 4376 a
1088 4341 1140 4394 quo
1157 4333 1245 4378 umen
1262 4323 1336 4377 abest
1344 4323 1451 4377 Plana

207 4390 309 4470 quidem
319 4401 423 4446 mutata
431 4391 516 4445 edidit
529 4395 739 4464 quotusquisque.
757 4393 815 4446 Ad·
848 4403 877 4447 et
894 4392 1030 4448 Leideosis
1048 4391 1122 4447 liber.

207 4465 280 4512 iurat
296 4458 367 4514 onim
383 4460 542 4515 sententiam
559 4461 678 4516 nonnihil
692 4461 737 4516 illa
754 4479 814 4534 psr-
