3260 5042
227 276 275 348 32
696 293 730 356 Q.
758 292 882 346 ousrn
908 295 994 346 nuru
1020 311 1023 316 ·

226 500 311 550 suos
336 474 475 564 milites,
501 473 623 550 iubeat
647 475 826 548 trucidari.
882 474 996 564 Quem
1029 473 1159 548 deinde
1194 473 1347 571 amplius
1378 471 1472 570 nati·

226 607 336 657 onum
362 593 566 658 exterarum
593 587 745 660 salutem
770 609 873 657 suam
899 583 1118 656 crediturum
1151 585 1229 671 sibi,
1262 584 1293 654 si
1318 593 1376 654 tot
1405 583 1472 652 mi-

225 695 328 765 litum
354 695 526 792 sanguine
552 696 737 766 imbuisset
761 717 888 763 manus
901 683 925 761 i'
971 688 1158 761 Neminem
1184 691 1358 804 stolidum
1384 711 1512 763 con-c

225 803 343 876 silium
368 807 483 904 capite
510 807 607 876 luere
633 799 773 872 debere.
819 798 1019 872 Defuturos
1042 800 1147 889 errim,
1175 799 1236 892 qui
1263 799 1471 887 suaderent,

225 913 256 986 si
282 916 435 988 suasisse
461 911 698 1009 periculosum
725 920 829 984 esset
883 908 1047 1006 Denique
1074 911 1172 1008 ipsos
1199 906 1329 981 cotidie
1357 907 1405 978 ad
1428 933 1471 979 se

225 1023 394 1097 advocari
419 1024 456 1093 in
482 1019 676 1108 consrlium,
707 1021 897 1117 variasque
925 1020 1122 1095 sententias
1149 1019 1279 1109 dicere,
1319 1043 1385 1090 nec
1412 1029 1466 1088 ta-

226 1156 309 1204 men
335 1131 489 1202 melioris
514 1128 598 1204 fidei
623 1130 756 1223 haberi,
783 1133 844 1228 qui
877 1130 1088 1228 prudentius
1123 1130 1286 1204 suaserit
1340 1129 1513 1224 Itaquer

228 1238 372 1314 Graecis
398 1241 562 1315 nuntiare
588 1241 696 1331 iubet,
722 1244 841 1340 ipsum
867 1239 1012 1336 quidem
1036 1239 1302 1312 benivolentiae
1324 1240 1469 1311 illorum

225 1351 359 1448 gratias
386 1375 503 1449 agere,
530 1363 697 1446 ceterum,
724 1353 754 1426 si
780 1361 878 1424 retro
904 1352 955 1423 ire
981 1359 1119 1448 pergat,
1153 1347 1252 1422 haud
1279 1347 1387 1420 dubie
1413 1371 1469 1419 re·

226 1485 338 1558 gnum
362 1461 525 1535 hostibus
551 1461 775 1535 traditurum.
827 1460 939 1534 Fama
962 1461 1059 1533 bella
1084 1469 1192 1550 stare,
1220 1467 1258 1530 et
1284 1483 1378 1548 eum,
1405 1457 1468 1552 qui

227 1571 382 1662 recedat,
408 1573 530 1669 lugere
557 1570 662 1644 credi.
714 1571 896 1644 Trahendi
920 1596 1008 1644 vero
1040 1571 1126 1642 belli
1159 1571 1225 1642 vix
1250 1570 1361 1641 ullam
1388 1590 1468 1641 esse

214 1683 411 1753 rationem.
459 1681 596 1752 Tantae
622 1681 715 1754 enim
741 1680 970 1769 multitudini,
998 1681 1122 1774 utique
1149 1704 1231 1753 cum
1256 1681 1329 1752 iam
1354 1678 1514 1750 biemss

264 1913 443 1992 punnddnds
459 1909 745 2033 unipliushssffensum
762 1917 829 1992 puto
863 1910 1018 1964 destituitur
1039 1911 1169 1964 assideri.
1204 1911 1276 1964 Nam
1301 1910 1366 1964 satis
1391 1909 1471 1962 hodia

229 1987 383 2060 scriptoram
399 1979 460 2060 libri
476 1980 557 2034 Bam.
620 1981 753 2036 vocabulis
769 1999 829 2062 run·
863 1988 968 2034 constat
985 1997 1038 2060 npn
1056 1979 1181 2050 exiguum
1195 1995 1335 2060 numerum
1352 1977 1470 2031 locorum

229 2048 679 2184 substramus
693 2051 828 2198 prr:
863 2047 1359 2195 summussos
1366 2045 1470 2098 ¹

229 2192 298 2236 etuas
314 2199 359 2235 um
378 2183 444 2236 lius..
473 2183 539 2237 Mox
566 2183 646 2238 verbo
666 2187 777 2237 militurn
801 2183 827 2236 in
863 2183 916 2236 iam
932 2201 1072 2254 suppresso
1090 2192 1239 2237 accusativo
1257 2199 1317 2236 mm
1334 2183 1415 2235 verbo
1428 2199 1470 2233 ru-

228 2267 312 2320 marg.
330 2200 401 2302 Fssr.
418 2250 444 2302 D
462 2249 623 2320 adscriptum
639 2260 681 2304 est
702 2253 738 2304 ul.
758 2253 829 2304 mili·
863 2252 927 2304 bera
943 2251 1121 2320 coniungitur.
1138 2250 1210 2304 Vide
1227 2250 1314 2304 Dralr.
1329 2251 1365 2302 ad
1381 2250 1468 2302 locum

228 2335 370 2398 remquam
383 2334 456 2370 susm
469 2317 646 2372 coniecturam
655 2319 828 2388 Modiuspro-
864 2321 934 2372 bunc
946 2318 1015 2376 Livii
1033 2333 1113 2385 xm,
1131 2325 1166 2372 24
1189 2319 1302 2372 Senatus
1326 2320 1359 2370 ds
1375 2327 1469 2388 postu-

228 2385 828 2456 posurtaRaderoetFreinsbamioprobstam.
863 2389 926 2440 lutis
964 2385 1224 2456 Carthaginiensium
1251 2387 1383 2439 consultus
1417 2402 1469 2436 rs-

211 2457 214 2468 *
264 2455 287 2521 §.
309 2459 333 2506 t.
365 2455 391 2507 ai
413 2456 531 2508 suasim
549 2457 725 2523 pericsslannn
751 2457 828 2522 esset}
864 2457 1025 2524 spondero
1042 2457 1081 2507 itu
1100 2456 1188 2522 iussit,
1206 2462 1330 2524 atquem
1349 2453 1394 2506 ille
1411 2452 1469 2506 lau·

228 2521 407 2574 Periculosum
433 2540 482 2592 pro
502 2524 647 2590 pericnlum
665 2540 698 2575 ex
721 2542 738 2576 o
757 2523 827 2576 timis
862 2525 909 2576 dat
926 2521 1065 2575 Dukenrm
1082 2523 1116 2574 ad
1134 2521 1192 2575 Liv.
1210 2537 1294 2588 ων,
1314 2529 1345 2575 15
1364 2523 1468 2590 sipnuns

126 2624 129 2632 ,
227 2587 301 2641 libris
314 2589 388 2643 Leid.
402 2590 478 2644 Voss.
499 2591 605 2644 lBarn.
620 2598 645 2644 Α
662 2591 733 2644 Flor.
781 2593 827 2644 de·
862 2595 928 2644 durs
946 2589 1002 2659 (vel
1019 2593 1095 2658 duri)
1111 2608 1163 2660 pro
1212 2593 1337 2657 eiassit,
1365 2599 1394 2642 et
1412 2588 1469 2642 Ou-

228 2655 264 2722 di,
282 2656 377 2776 puibus
399 2675 432 2710 ex
458 2658 617 2729 reliquorum
634 2677 743 2713 numero
759 2677 827 2712 uuus
862 2659 988 2729 dendorp.
1007 2659 1041 2711 ad
1059 2657 1135 2712 caes
1182 2657 1232 2711 .G.
1252 2671 1283 2724 n,
1302 2663 1318 2710 5
1337 2665 1405 2710 extr.
1424 2673 1469 2709 ca-

228 2731 256 2776 st
273 2740 290 2775 u
300 2733 342 2777 ter
359 2741 416 2778 sese
427 2726 583 2796 adiungunt.
736 2739 742 2750 ’
862 2737 919 2780 stru
937 2730 1040 2778 munire
1057 2728 1135 2778 iudet.
1158 2727 1201 2780 Cl'.
1220 2725 1334 2796 quasin
1350 2723 1468 2778 Gratum.

170 2829 173 2836 .
263 2794 357 2844 cotidie
374 2793 463 2862 scripsi
476 2794 828 2863 auctoritatemoptimorum
862 2795 922 2846 Lat.
940 2793 1132 2872 composuimus
1150 2796 1174 2862 §-
1184 2801 1243 2847 617.
1265 2791 1467 2856 QuodadCur-

228 2857 300 2911 Flor.
318 2860 341 2911 B
356 2860 435 2912 Ber-n.
451 2865 477 2913 A
495 2861 569 2914 Leid.
588 2862 664 2915 Voss.
681 2871 692 2913 l
713 2869 826 2929 secutus,
862 2861 929 2913 tium
955 2869 1063 2930 attruct,
1091 2871 1147 2914 tres
1164 2871 1227 2914 sunt
1245 2862 1315 2932 apud
1333 2878 1393 2913 eum
1407 2860 1467 2926 loci,

228 2943 340 2998 eumque
370 2927 517 2982 scribendi
535 2947 610 2982 risum
645 2929 725 2982 etism
761 2929 829 2982 inse
863 2929 958 3000 quibus
975 2929 1021 2982 illa
1038 2930 1211 2998 constructio,
1236 2931 1380 2982 dummodo
1403 2929 1468 2981 fides

247 2993 321 3048 uenti
339 3003 427 3048 aetatu
444 3013 607 3050 communem
624 2997 703 3050 ruisse
722 2997 830 3060 Quinti·
863 2997 939 3050 mnis
956 2997 1030 3050 libris
1046 2998 1170 3052 habenda
1186 3000 1230 3064 sit,
1254 2997 1401 3051 invenitur:
1426 2997 1470 3050 bio

248 3062 321 3115 'snus
338 3063 469 3134 siguificat
486 3081 505 3145 ιι,
526 3073 539 3118 7
567 3065 676 3146 alteram
699 3065 830 3118 rationem
865 3074 893 3118 et
910 3073 1020 3136 carpto,
1040 3073 1065 3132 7,
1084 3067 1179 3146 tertius
1197 3080 1249 3133 vn,
1268 3072 1300 3119 88
1319 3065 1353 3144 ad
1370 3065 1423 3128 fin,
1440 3072 1470 3143 pt

228 3135 828 3268 ¹¹22tt¹ttttttttttl¹tlttsttts
865 3135 936 3253 tltt
951 3133 1372 3256 ttttt't’tmtttt‘dtttt
1395 3149 1469 3253 tlt·

229 3284 289 3320 mss.
307 3275 337 3319 et
352 3266 458 3338 plurimi
475 3277 504 3321 et
516 3269 636 3322 meliores
645 3269 737 3337 (etism
748 3269 827 3321 Rern.
862 3269 926 3339 quin
943 3269 1147 3323 terminationes
1166 3270 1271 3323 activae
1297 3277 1327 3321 et
1412 3269 1469 3321 iras

228 3337 277 3403 A),
295 3335 375 3404 vulgo
392 3339 470 3389 adse
484 3340 573 3390 vocari
588 3340 615 3389 in
629 3355 698 3390 cons.
724 3337 828 3390 Verbo·
863 3338 967 3390 vocisa
989 3337 1101 3391 librariis
1128 3337 1295 3418 peirnutstac
1322 3336 1348 3388 vi
1366 3337 1403 3389 cri
1421 3337 1468 3388 de·

229 3421 288 3456 rum
302 3404 464 3457 abundantia
482 3405 577 3458 idonea
594 3405 627 3458 T.
645 3405 713 3458 Livii
737 3413 827 3459 aucto·
863 3407 966 3472 bcrcut,
984 3407 1057 3475 quod
1074 3405 1137 3459 slibr
1155 3407 1253 3460 iactum
1272 3413 1378 3459 constat
1396 3405 1468 3470 (vide

229 3470 310 3523 ritate
335 3471 398 3524 satis
423 3481 576 3539 excusatur,
606 3489 683 3542 quem
706 3473 828 3526 Drakon·
863 3475 1006 3543 sdvu,2.).
1019 3474 1142 3528 Nuucali
1163 3475 1207 3527 uid
1217 3473 1353 3554 proprium
1365 3473 1392 3525 in
1401 3489 1467 3526 ears

229 3539 319 3592 borch.
337 3539 433 3618 adlib.
442 3556 474 3606 11,
484 3547 517 3595 36
527 3541 571 3594 fin.
585 3543 613 3592 in
618 3544 713 3611 soram
722 3545 760 3594 ud
767 3560 827 3594 con·
864 3541 943 3594 fuisse
959 3549 1035 3611 puto.
1071 3493 1173 3613 suppio
1195 3543 1284 3612 igitur¹
1301 3558 1397 3594 nomen
1423 3547 1468 3593 eo·

230 3609 300 3659 sales
322 3608 412 3660 lectica
430 3611 551 3679 uclsertur
570 3610 648 3662 docet
665 3609 751 3662 verbis
769 3629 828 3662 cum
862 3628 921 3661 rum
945 3609 1080 3663 homiuum
1106 3610 1201 3680 quibus
1228 3610 1255 3662 id
1281 3609 1382 3678 negotii
1407 3609 1466 3673 fuit,

230 3691 348 3744 praepos.
374 3677 412 3728 ud
433 3677 583 3746 compositis
606 3677 692 3732 denuo
719 3678 828 3730 candem
863 3677 913 3730 hoc
929 3677 1035 3748 quidem
1053 3678 1122 3730 loco·
1127 3695 1284 3748 praecones,
1312 3677 1339 3730 iu
1361 3676 1467 3746 reliquis

230 3741 372 3812 adiungere
397 3744 488 3798 solem.
525 3745 568 3797 Dc
592 3745 674 3799 verbo
700 3749 829 3799 advocare
862 3745 965 3799 duobus
1009 3745 1036 3798 ui
1062 3745 1165 3799 Graece
1189 3745 1354 3818 sirnyyrisis
1379 3745 1468 3814 appel·

230 3809 321 3863 confer
344 3809 460 3865 Gronov.
480 3813 514 3864 ad
532 3813 589 3866 Liv.
607 3820 739 3880 xxv1,48
758 3823 827 3866 cxtr.
863 3813 959 3866 lantur.
990 3763 1050 3867 ‘bed
1073 3823 1184 3884 quartus
1207 3815 1287 3867 etiam
1310 3813 1382 3866 locus
1399 3829 1467 3865 nunc

230 3877 291 3947 Ipsa
305 3877 412 3932 Curtius
431 3895 482 3946 vu,
492 3887 525 3934 29
543 3883 639 3933 amicos
649 3884 677 3934 in
691 3883 827 3934 consilium
863 3881 972 3948 accedit,
999 3882 1044 3935 ubi
1072 3881 1218 3936 subiectum
1245 3881 1367 3934 infinitivi
1388 3880 1467 3932 activi

230 3949 356 3998 advocari
368 3949 444 4000 iubet.
472 3949 537 4002 Mox
554 3952 667 4001 suaserit
684 3965 719 4002 ex
737 3949 827 4018 plens·
863 3965 897 4002 cx
913 3949 1040 4004 orationis
1058 3967 1130 4003 nexu
1151 3949 1403 4019 subintelligendum
1427 3955 1468 4000 est

230 4029 282 4082 qua
300 4015 374 4067 oodd.
400 4016 522 4084 restitui,
543 4017 622 4086 vulgo
643 4025 703 4086 post
730 4018 829 4071 Aldum
865 4015 905 4082 v'1,
926 4025 957 4071 10
975 4037 1014 4089 pr.
1052 4063 1053 4066 ,

231 4086 371 4136 suaserint.
576 4099 589 4128 ο
899 4089 1097 4157 beniuolentiae]
1125 4087 1262 4139 Annotoi
1284 4085 1375 4138 littera
1392 4102 1468 4138 voca-

266 4151 289 4216 §.
309 4157 332 4202 7.
367 4153 454 4220 itaque
475 4154 586 4207 Graecis
603 4156 726 4207 nuntiare
749 4154 828 4224 iubet]
865 4155 957 4208 bulum
975 4155 1053 4208 scribi
1071 4155 1098 4207 iu
1116 4154 1237 4206 omnibus
1260 4155 1357 4207 nostris
1374 4155 1468 4206 codici·-

231 4216 359 4271 Mendum
385 4221 456 4289 quod
501 4222 561 4274 loris
580 4240 612 4274 ue
634 4222 765 4274 videbitur·
789 4240 830 4274 re-
866 4226 915 4276 bus
926 4232 954 4274 ct
963 4224 1003 4274 cd.
1015 4221 1156 4293 pr.,Aldus
1166 4222 1264 4293 primus
1274 4225 1359 4275 berieu.
1369 4222 1469 4274 maluit.

232 4286 328 4339 ducere
345 4305 404 4340 cum
422 4289 450 4339 M
487 4307 513 4343 ro
534 4240 621 4356 maini,
648 4309 726 4361 quum
753 4291 831 4343 odem
901 4295 923 4358 ξ.
943 4297 967 4343 8.
1003 4293 1046 4342 uic
1065 4293 1147 4344 ullum
1164 4308 1221 4344 csse
1241 4293 1380 4357 rationem]
1417 4290 1469 4342 Lu-

231 4355 303 4426 quod
328 4355 485 4442 optimorum
522 4358 647 4412 librorum
673 4359 831 4412 auctoritate
867 4359 951 4412 dibria
968 4358 1144 4428 librariorum,
1167 4375 1236 4430 quus
1253 4359 1382 4412 cditioncs
1400 4357 1471 4429 prin-
