<?xml version="1.0" encoding="UTF-8"?>
<!DOCTYPE html PUBLIC "-//W3C//DTD XHTML 1.0 Transitional//EN"
    "http://www.w3.org/TR/xhtml1/DTD/xhtml1-transitional.dtd">
<html xmlns="http://www.w3.org/1999/xhtml" xml:lang="en" lang="en">
 <head>
  <title>
</title>
<meta http-equiv="Content-Type" content="text/html;charset=utf-8" />
  <meta name='ocr-system' content='tesseract 3.04.00' />
  <meta name='ocr-capabilities' content='ocr_page ocr_carea ocr_par ocr_line ocrx_word'/>
</head>
<body>
  <div class='ocr_page' id='page_1' title='image "./qcurtiirufidege03rufugoog_0260.png"; bbox 0 0 3336 5066; ppageno 0'>
   <div class='ocr_carea' id='block_1_1' title="bbox 612 332 1463 428">
    <p class='ocr_par' dir='ltr' id='par_1_1' title="bbox 612 332 1463 428">
     <span class='ocr_line' id='line_1_1' title="bbox 612 332 1463 428; baseline -0.013 -15"><span class='ocrx_word' id='word_1_1' title='bbox 612 363 662 414; x_wconf 86' lang='lat' dir='ltr'>na</span> <span class='ocrx_word' id='word_1_2' title='bbox 689 363 818 416; x_wconf 82' lang='lat' dir='ltr'>susrrs</span> <span class='ocrx_word' id='word_1_3' title='bbox 844 361 953 414; x_wconf 76' lang='lat' dir='ltr'>Anax.</span> <span class='ocrx_word' id='word_1_4' title='bbox 980 353 1081 428; x_wconf 87' lang='lat' dir='ltr'>v1,s.</span> <span class='ocrx_word' id='word_1_5' title='bbox 1390 332 1463 402; x_wconf 79' lang='lat'>233</span> 
     </span>
    </p>
   </div>
   <div class='ocr_carea' id='block_1_2' title="bbox 159 536 1562 2314">
    <p class='ocr_par' dir='ltr' id='par_1_2' title="bbox 226 536 1502 729">
     <span class='ocr_line' id='line_1_2' title="bbox 226 536 1466 642; baseline -0.006 -24"><span class='ocrx_word' id='word_1_6' title='bbox 226 544 322 642; x_wconf 87' lang='lat' dir='ltr'>cepit</span> <span class='ocrx_word' id='word_1_7' title='bbox 339 546 376 616; x_wconf 91' lang='lat' dir='ltr'>in</span> <span class='ocrx_word' id='word_1_8' title='bbox 396 545 583 622; x_wconf 88' lang='lat' dir='ltr'>cohortem</span> <span class='ocrx_word' id='word_1_9' title='bbox 602 549 808 637; x_wconf 90' lang='lat' dir='ltr'>amicorum,</span> <span class='ocrx_word' id='word_1_10' title='bbox 836 545 932 618; x_wconf 91' lang='lat' dir='ltr'>omni</span> <span class='ocrx_word' id='word_1_11' title='bbox 952 551 1116 615; x_wconf 87' lang='lat' dir='ltr'>vetustae</span> <span class='ocrx_word' id='word_1_12' title='bbox 1138 538 1308 612; x_wconf 80' lang='lat' dir='ltr'><strong>claritatis</strong></span> <span class='ocrx_word' id='word_1_13' title='bbox 1331 536 1466 610; x_wconf 90' lang='lat' dir='ltr'>bonore</span> 
     </span>
     <span class='ocr_line' id='line_1_3' title="bbox 226 667 1502 729; baseline -0.005 0"><span class='ocrx_word' id='word_1_14' title='bbox 226 667 382 729; x_wconf 87' lang='lat' dir='ltr'>servato.</span> <span class='ocrx_word' id='word_1_15' title='bbox 1497 715 1502 722; x_wconf 91' lang='lat'><strong><em>.</em></strong></span> 
     </span>
    </p>

    <p class='ocr_par' dir='ltr' id='par_1_3' title="bbox 170 757 1517 977">
     <span class='ocr_line' id='line_1_4' title="bbox 170 757 1517 866; baseline -0.01 -22"><span class='ocrx_word' id='word_1_16' title='bbox 170 787 205 833; x_wconf 82' lang='lat'>¹2</span> <span class='ocrx_word' id='word_1_17' title='bbox 329 767 423 842; x_wconf 89' lang='lat' dir='ltr'>Hinc</span> <span class='ocrx_word' id='word_1_18' title='bbox 436 772 474 842; x_wconf 92' lang='lat' dir='ltr'>in</span> <span class='ocrx_word' id='word_1_19' title='bbox 488 768 705 842; x_wconf 76' lang='lat' dir='ltr'>Parthienen</span> <span class='ocrx_word' id='word_1_20' title='bbox 732 778 945 866; x_wconf 87' lang='lat' dir='ltr'>perventum</span> <span class='ocrx_word' id='word_1_21' title='bbox 972 777 1037 854; x_wconf 77' lang='lat' dir='ltr'>est,</span> <span class='ocrx_word' id='word_1_22' title='bbox 1056 773 1142 836; x_wconf 89' lang='lat' dir='ltr'>tunc</span> <span class='ocrx_word' id='word_1_23' title='bbox 1167 757 1359 858; x_wconf 87' lang='lat' dir='ltr'>ignobilem</span> <span class='ocrx_word' id='word_1_24' title='bbox 1384 783 1468 855; x_wconf 83' lang='lat' dir='ltr'>gen·</span> <span class='ocrx_word' id='word_1_25' title='bbox 1496 759 1517 830; x_wconf 90' lang='grc'><strong>6</strong></span> 
     </span>
     <span class='ocr_line' id='line_1_5' title="bbox 226 867 1469 977; baseline -0.011 -25"><span class='ocrx_word' id='word_1_26' title='bbox 226 889 316 970; x_wconf 84' lang='lat' dir='ltr'>tem,</span> <span class='ocrx_word' id='word_1_27' title='bbox 352 905 458 954; x_wconf 87' lang='lat' dir='ltr'>nunc.</span> <span class='ocrx_word' id='word_1_28' title='bbox 483 887 593 977; x_wconf 85' lang='lat' dir='ltr'>caput</span> <span class='ocrx_word' id='word_1_29' title='bbox 625 880 798 969; x_wconf 93' lang='lat' dir='ltr'>omnium,</span> <span class='ocrx_word' id='word_1_30' title='bbox 835 880 895 976; x_wconf 93' lang='lat' dir='ltr'>qui</span> <span class='ocrx_word' id='word_1_31' title='bbox 929 887 1012 975; x_wconf 87' lang='lat' dir='ltr'>post</span> <span class='ocrx_word' id='word_1_32' title='bbox 1037 874 1245 971; x_wconf 78' lang='lat' dir='ltr'>Euphraten</span> <span class='ocrx_word' id='word_1_33' title='bbox 1272 880 1309 942; x_wconf 93' lang='lat' dir='ltr'>et</span> <span class='ocrx_word' id='word_1_34' title='bbox 1334 867 1469 966; x_wconf 86' lang='lat' dir='ltr'>Tigrim</span> 
     </span>
    </p>

    <p class='ocr_par' dir='ltr' id='par_1_4' title="bbox 169 983 1562 1534">
     <span class='ocr_line' id='line_1_6' title="bbox 169 983 1468 1084; baseline -0.005 -25"><span class='ocrx_word' id='word_1_35' title='bbox 169 1011 204 1059; x_wconf 85' lang='lat' dir='ltr'>ts</span> <span class='ocrx_word' id='word_1_36' title='bbox 226 1017 349 1065; x_wconf 85' lang='lat' dir='ltr'>amnes</span> <span class='ocrx_word' id='word_1_37' title='bbox 377 993 446 1080; x_wconf 91' lang='lat' dir='ltr'>siti,</span> <span class='ocrx_word' id='word_1_38' title='bbox 473 990 583 1062; x_wconf 91' lang='lat' dir='ltr'>rubro</span> <span class='ocrx_word' id='word_1_39' title='bbox 611 991 700 1063; x_wconf 84' lang='lat' dir='ltr'>mari</span> <span class='ocrx_word' id='word_1_40' title='bbox 727 992 974 1064; x_wconf 83' lang='lat' dir='ltr'>terminantur.</span> <span class='ocrx_word' id='word_1_41' title='bbox 1015 983 1169 1084; x_wconf 76' lang='lat' dir='ltr'>Scythae</span> <span class='ocrx_word' id='word_1_42' title='bbox 1183 983 1363 1080; x_wconf 88' lang='lat' dir='ltr'>regionem</span> <span class='ocrx_word' id='word_1_43' title='bbox 1377 1005 1468 1052; x_wconf 91' lang='lat' dir='ltr'>cam·</span> 
     </span>
     <span class='ocr_line' id='line_1_7' title="bbox 225 1092 1467 1202; baseline -0.01 -27"><span class='ocrx_word' id='word_1_44' title='bbox 225 1114 383 1200; x_wconf 89' lang='lat' dir='ltr'>pestrem</span> <span class='ocrx_word' id='word_1_45' title='bbox 415 1125 458 1174; x_wconf 84' lang='lat' dir='ltr'>ac</span> <span class='ocrx_word' id='word_1_46' title='bbox 493 1101 646 1176; x_wconf 84' lang='lat' dir='ltr'>fertilem</span> <span class='ocrx_word' id='word_1_47' title='bbox 681 1110 964 1202; x_wconf 90' lang='lat' dir='ltr'>occupaverunt,</span> <span class='ocrx_word' id='word_1_48' title='bbox 999 1121 1126 1196; x_wconf 88' lang='lat' dir='ltr'>graves</span> <span class='ocrx_word' id='word_1_49' title='bbox 1168 1093 1285 1166; x_wconf 89' lang='lat' dir='ltr'>adhuc</span> <span class='ocrx_word' id='word_1_50' title='bbox 1317 1092 1467 1164; x_wconf 78' lang='lat' dir='ltr'>accolae.</span> 
     </span>
     <span class='ocr_line' id='line_1_8' title="bbox 226 1202 1562 1312; baseline -0.009 -27"><span class='ocrx_word' id='word_1_51' title='bbox 226 1209 338 1285; x_wconf 84' lang='lat' dir='ltr'>Sedes</span> <span class='ocrx_word' id='word_1_52' title='bbox 365 1213 502 1288; x_wconf 88' lang='lat' dir='ltr'>habent</span> <span class='ocrx_word' id='word_1_53' title='bbox 530 1215 631 1288; x_wconf 88' lang='lat' dir='ltr'>etin</span> <span class='ocrx_word' id='word_1_54' title='bbox 657 1213 819 1312; x_wconf 86' lang='lat' dir='ltr'>Europa,</span> <span class='ocrx_word' id='word_1_55' title='bbox 846 1213 946 1286; x_wconf 89' lang='lat' dir='ltr'>etin</span> <span class='ocrx_word' id='word_1_56' title='bbox 972 1209 1077 1282; x_wconf 84' lang='lat' dir='ltr'>Asia:</span> <span class='ocrx_word' id='word_1_57' title='bbox 1115 1207 1175 1303; x_wconf 94' lang='lat' dir='ltr'>qui</span> <span class='ocrx_word' id='word_1_58' title='bbox 1201 1228 1308 1302; x_wconf 88' lang='lat' dir='ltr'>super</span> <span class='ocrx_word' id='word_1_59' title='bbox 1334 1202 1467 1302; x_wconf 87' lang='lat' dir='ltr'>Bospo-</span> <span class='ocrx_word' id='word_1_60' title='bbox 1560 1259 1562 1264; x_wconf 88' lang='lat'><em>.</em></span> 
     </span>
     <span class='ocr_line' id='line_1_9' title="bbox 226 1315 1468 1418; baseline -0.007 -23"><span class='ocrx_word' id='word_1_61' title='bbox 226 1347 306 1395; x_wconf 90' lang='lat' dir='ltr'>rum</span> <span class='ocrx_word' id='word_1_62' title='bbox 331 1325 471 1416; x_wconf 91' lang='lat' dir='ltr'>colunt,</span> <span class='ocrx_word' id='word_1_63' title='bbox 492 1325 757 1398; x_wconf 30' lang='lat' dir='ltr'>*adscribuntur</span> <span class='ocrx_word' id='word_1_64' title='bbox 783 1323 907 1412; x_wconf 83' lang='lat' dir='ltr'>Asiae3</span> <span class='ocrx_word' id='word_1_65' title='bbox 943 1331 982 1394; x_wconf 89' lang='lat' dir='ltr'>at</span> <span class='ocrx_word' id='word_1_66' title='bbox 1007 1319 1066 1418; x_wconf 94' lang='lat' dir='ltr'>qui</span> <span class='ocrx_word' id='word_1_67' title='bbox 1092 1319 1129 1390; x_wconf 92' lang='lat' dir='ltr'>in</span> <span class='ocrx_word' id='word_1_68' title='bbox 1155 1315 1300 1412; x_wconf 88' lang='lat' dir='ltr'>Europa</span> <span class='ocrx_word' id='word_1_69' title='bbox 1326 1325 1422 1404; x_wconf 88' lang='lat' dir='ltr'>sunt,-</span> <span class='ocrx_word' id='word_1_70' title='bbox 1445 1339 1468 1386; x_wconf 86' lang='lat' dir='ltr'>a</span> 
     </span>
     <span class='ocr_line' id='line_1_10' title="bbox 225 1425 1468 1534; baseline -0.007 -28"><span class='ocrx_word' id='word_1_71' title='bbox 225 1434 330 1509; x_wconf 82' lang='lat' dir='ltr'>laevo</span> <span class='ocrx_word' id='word_1_72' title='bbox 357 1435 531 1510; x_wconf 82' lang='lat' dir='ltr'>Thraciae</span> <span class='ocrx_word' id='word_1_73' title='bbox 567 1437 679 1508; x_wconf 88' lang='lat' dir='ltr'>latere</span> <span class='ocrx_word' id='word_1_74' title='bbox 705 1433 752 1506; x_wconf 88' lang='lat' dir='ltr'>ad</span> <span class='ocrx_word' id='word_1_75' title='bbox 777 1433 1055 1534; x_wconf 88' lang='lat' dir='ltr'>Borysthenem,</span> <span class='ocrx_word' id='word_1_76' title='bbox 1087 1441 1195 1526; x_wconf 88' lang='lat' dir='ltr'>atque</span> <span class='ocrx_word' id='word_1_77' title='bbox 1222 1425 1303 1499; x_wconf 90' lang='lat' dir='ltr'>inde</span> <span class='ocrx_word' id='word_1_78' title='bbox 1329 1425 1376 1498; x_wconf 91' lang='lat' dir='ltr'>ad</span> <span class='ocrx_word' id='word_1_79' title='bbox 1402 1425 1468 1498; x_wconf 87' lang='lat' dir='ltr'>Te-</span> 
     </span>
    </p>

    <p class='ocr_par' dir='ltr' id='par_1_5' title="bbox 170 1537 1468 1979">
     <span class='ocr_line' id='line_1_11' title="bbox 170 1537 1468 1644; baseline -0.008 -25"><span class='ocrx_word' id='word_1_80' title='bbox 170 1564 207 1611; x_wconf 78' lang='lat'>14</span> <span class='ocrx_word' id='word_1_81' title='bbox 225 1547 332 1637; x_wconf 82' lang='lat' dir='ltr'>usim,</span> <span class='ocrx_word' id='word_1_82' title='bbox 358 1546 469 1618; x_wconf 85' lang='lat' dir='ltr'>alium</span> <span class='ocrx_word' id='word_1_83' title='bbox 495 1570 646 1636; x_wconf 91' lang='lat' dir='ltr'>amnem,</span> <span class='ocrx_word' id='word_1_84' title='bbox 672 1557 772 1619; x_wconf 91' lang='lat' dir='ltr'>recta</span> <span class='ocrx_word' id='word_1_85' title='bbox 797 1547 904 1644; x_wconf 85' lang='lat' dir='ltr'>plaga</span> <span class='ocrx_word' id='word_1_86' title='bbox 929 1545 1090 1618; x_wconf 85' lang='lat' dir='ltr'>attinent</span> <span class='ocrx_word' id='word_1_87' title='bbox 1130 1540 1259 1614; x_wconf 82' lang='lat' dir='ltr'>Tanais</span> <span class='ocrx_word' id='word_1_88' title='bbox 1287 1537 1468 1635; x_wconf 88' lang='lat' dir='ltr'>Europam</span> 
     </span>
     <span class='ocr_line' id='line_1_12' title="bbox 225 1647 1467 1748; baseline -0.007 -18"><span class='ocrx_word' id='word_1_89' title='bbox 225 1669 265 1730; x_wconf 91' lang='lat' dir='ltr'>et</span> <span class='ocrx_word' id='word_1_90' title='bbox 288 1656 415 1728; x_wconf 83' lang='lat' dir='ltr'>Asiam</span> <span class='ocrx_word' id='word_1_91' title='bbox 446 1656 585 1730; x_wconf 89' lang='lat' dir='ltr'>medius</span> <span class='ocrx_word' id='word_1_92' title='bbox 612 1657 794 1730; x_wconf 87' lang='lat' dir='ltr'>interfluit</span> <span class='ocrx_word' id='word_1_93' title='bbox 847 1655 922 1729; x_wconf 92' lang='lat' dir='ltr'>Nec</span> <span class='ocrx_word' id='word_1_94' title='bbox 955 1653 1154 1742; x_wconf 90' lang='lat' dir='ltr'>dubitatur,</span> <span class='ocrx_word' id='word_1_95' title='bbox 1190 1651 1274 1748; x_wconf 92' lang='lat' dir='ltr'>quin</span> <span class='ocrx_word' id='word_1_96' title='bbox 1302 1647 1467 1748; x_wconf 85' lang='lat' dir='ltr'>Scythae,</span> 
     </span>
     <span class='ocr_line' id='line_1_13' title="bbox 226 1761 1467 1866; baseline -0.004 -27"><span class='ocrx_word' id='word_1_97' title='bbox 226 1769 287 1864; x_wconf 93' lang='lat' dir='ltr'>qui</span> <span class='ocrx_word' id='word_1_98' title='bbox 313 1765 469 1842; x_wconf 86' lang='lat' dir='ltr'>Parthos</span> <span class='ocrx_word' id='word_1_99' title='bbox 496 1768 700 1858; x_wconf 90' lang='lat' dir='ltr'>condidere,</span> <span class='ocrx_word' id='word_1_100' title='bbox 726 1793 800 1864; x_wconf 87' lang='lat' dir='ltr'>non</span> <span class='ocrx_word' id='word_1_101' title='bbox 826 1793 849 1840; x_wconf 89' lang='lat' dir='ltr'>a</span> <span class='ocrx_word' id='word_1_102' title='bbox 873 1766 1045 1866; x_wconf 79' lang='lat' dir='ltr'>bosporo,</span> <span class='ocrx_word' id='word_1_103' title='bbox 1072 1763 1137 1838; x_wconf 89' lang='lat' dir='ltr'>scd</span> <span class='ocrx_word' id='word_1_104' title='bbox 1162 1789 1208 1837; x_wconf 87' lang='lat' dir='ltr'>ex</span> <span class='ocrx_word' id='word_1_105' title='bbox 1222 1761 1388 1860; x_wconf 91' lang='lat' dir='ltr'>Europae</span> <span class='ocrx_word' id='word_1_106' title='bbox 1414 1785 1467 1834; x_wconf 88' lang='lat' dir='ltr'>re-</span> 
     </span>
     <span class='ocr_line' id='line_1_14' title="bbox 225 1873 756 1979; baseline -0.004 -26"><span class='ocrx_word' id='word_1_107' title='bbox 225 1880 333 1979; x_wconf 84' lang='lat' dir='ltr'>gione</span> <span class='ocrx_word' id='word_1_108' title='bbox 357 1873 638 1978; x_wconf 78' lang='lat' dir='ltr'>penetraverint</span> <span class='ocrx_word' id='word_1_109' title='bbox 751 1927 756 1938; x_wconf 43' lang='grc' dir='ltr'><strong>ι</strong></span> 
     </span>
    </p>

    <p class='ocr_par' dir='ltr' id='par_1_6' title="bbox 171 1983 1561 2202">
     <span class='ocr_line' id='line_1_15' title="bbox 171 1983 1468 2090; baseline -0.001 -32"><span class='ocrx_word' id='word_1_110' title='bbox 171 2011 207 2058; x_wconf 83' lang='lat' dir='ltr'>rs</span> <span class='ocrx_word' id='word_1_111' title='bbox 328 1989 425 2063; x_wconf 88' lang='lat' dir='ltr'>Urbs</span> <span class='ocrx_word' id='word_1_112' title='bbox 453 2001 533 2064; x_wconf 89' lang='lat' dir='ltr'>erat</span> <span class='ocrx_word' id='word_1_113' title='bbox 558 2016 602 2064; x_wconf 87' lang='lat' dir='ltr'>ea</span> <span class='ocrx_word' id='word_1_114' title='bbox 627 1999 843 2090; x_wconf 87' lang='lat' dir='ltr'>tempestate</span> <span class='ocrx_word' id='word_1_115' title='bbox 875 1991 973 2064; x_wconf 86' lang='lat' dir='ltr'>clara</span> <span class='ocrx_word' id='word_1_116' title='bbox 997 1987 1291 2087; x_wconf 84' lang='lat' dir='ltr'>Hecatompylos,</span> <span class='ocrx_word' id='word_1_117' title='bbox 1324 1983 1468 2058; x_wconf 85' lang='lat' dir='ltr'>condita</span> 
     </span>
     <span class='ocr_line' id='line_1_16' title="bbox 225 2095 1561 2202; baseline -0.004 -27"><span class='ocrx_word' id='word_1_118' title='bbox 225 2128 249 2175; x_wconf 89' lang='lat' dir='ltr'>a</span> <span class='ocrx_word' id='word_1_119' title='bbox 275 2099 435 2178; x_wconf 86' lang='lat' dir='ltr'>Graecis:</span> <span class='ocrx_word' id='word_1_120' title='bbox 460 2103 511 2178; x_wconf 93' lang='lat' dir='ltr'>ibi</span> <span class='ocrx_word' id='word_1_121' title='bbox 537 2103 673 2177; x_wconf 84' lang='lat' dir='ltr'>stativa</span> <span class='ocrx_word' id='word_1_122' title='bbox 698 2103 926 2194; x_wconf 85' lang='lat' dir='ltr'>rexhabuit,</span> <span class='ocrx_word' id='word_1_123' title='bbox 953 2101 1207 2176; x_wconf 86' lang='lat' dir='ltr'>commeatibus</span> <span class='ocrx_word' id='word_1_124' title='bbox 1234 2096 1389 2195; x_wconf 90' lang='lat' dir='ltr'>undique</span> <span class='ocrx_word' id='word_1_125' title='bbox 1407 2095 1467 2170; x_wconf 85' lang='lat' dir='ltr'>ad·</span> <span class='ocrx_word' id='word_1_126' title='bbox 1558 2197 1561 2202; x_wconf 21' lang='grc' dir='ltr'>Ι</span> 
     </span>
    </p>

    <p class='ocr_par' dir='ltr' id='par_1_7' title="bbox 159 2212 1468 2314">
     <span class='ocr_line' id='line_1_17' title="bbox 159 2212 1468 2314; baseline -0.003 -27"><span class='ocrx_word' id='word_1_127' title='bbox 159 2260 163 2264; x_wconf 93' lang='grc'>-</span> <span class='ocrx_word' id='word_1_128' title='bbox 225 2216 350 2289; x_wconf 82' lang='lat' dir='ltr'>vectis.</span> <span class='ocrx_word' id='word_1_129' title='bbox 411 2214 538 2314; x_wconf 85' lang='lat' dir='ltr'>Itaque</span> <span class='ocrx_word' id='word_1_130' title='bbox 573 2241 711 2307; x_wconf 88' lang='lat' dir='ltr'>rumor,</span> <span class='ocrx_word' id='word_1_131' title='bbox 746 2215 854 2289; x_wconf 87' lang='lat' dir='ltr'>otiosi</span> <span class='ocrx_word' id='word_1_132' title='bbox 887 2213 1006 2288; x_wconf 91' lang='lat' dir='ltr'>militis</span> <span class='ocrx_word' id='word_1_133' title='bbox 1039 2213 1180 2302; x_wconf 91' lang='lat' dir='ltr'>vitium,</span> <span class='ocrx_word' id='word_1_134' title='bbox 1215 2212 1290 2285; x_wconf 89' lang='lat' dir='ltr'>sine</span> <span class='ocrx_word' id='word_1_135' title='bbox 1322 2219 1468 2283; x_wconf 86' lang='lat' dir='ltr'>auctore</span> 
     </span>
    </p>
   </div>
   <div class='ocr_carea' id='block_1_3' title="bbox 223 2399 1468 4549">
    <p class='ocr_par' dir='ltr' id='par_1_8' title="bbox 224 2399 1468 2901">
     <span class='ocr_line' id='line_1_18' title="bbox 260 2399 1467 2499; baseline -0.007 -27"><span class='ocrx_word' id='word_1_136' title='bbox 260 2416 327 2489; x_wconf 66' lang='lat' dir='ltr'>cip.</span> <span class='ocrx_word' id='word_1_137' title='bbox 346 2425 376 2499; x_wconf 68' lang='lat' dir='ltr'>t,</span> <span class='ocrx_word' id='word_1_138' title='bbox 394 2421 417 2487; x_wconf 70' lang='grc' dir='ltr'>ς.</span> <span class='ocrx_word' id='word_1_139' title='bbox 437 2399 477 2470; x_wconf 66' lang='lat' dir='ltr'>n‘.</span> <span class='ocrx_word' id='word_1_140' title='bbox 513 2419 543 2470; x_wconf 83' lang='lat' dir='ltr'>iu</span> <span class='ocrx_word' id='word_1_141' title='bbox 565 2417 739 2489; x_wconf 75' lang='lat' dir='ltr'>Parthienen]</span> <span class='ocrx_word' id='word_1_142' title='bbox 774 2417 834 2471; x_wconf 69' lang='lat' dir='ltr'>nrt</span> <span class='ocrx_word' id='word_1_143' title='bbox 869 2415 1030 2471; x_wconf 84' lang='lat' dir='ltr'>Graecorum</span> <span class='ocrx_word' id='word_1_144' title='bbox 1047 2415 1191 2469; x_wconf 85' lang='lat' dir='ltr'>auctoritas</span> <span class='ocrx_word' id='word_1_145' title='bbox 1213 2410 1379 2492; x_wconf 79' lang='lat' dir='ltr'>librariorum</span> <span class='ocrx_word' id='word_1_146' title='bbox 1393 2410 1467 2465; x_wconf 86' lang='lat' dir='ltr'>Lati-</span> 
     </span>
     <span class='ocr_line' id='line_1_19' title="bbox 224 2481 1467 2556; baseline -0.004 -19"><span class='ocrx_word' id='word_1_147' title='bbox 224 2501 284 2538; x_wconf 89' lang='lat' dir='ltr'>mse</span> <span class='ocrx_word' id='word_1_148' title='bbox 305 2485 487 2540; x_wconf 84' lang='lat' dir='ltr'>dschnatiouis</span> <span class='ocrx_word' id='word_1_149' title='bbox 517 2485 733 2540; x_wconf 77' lang='lat' dir='ltr'>terminationem</span> <span class='ocrx_word' id='word_1_150' title='bbox 754 2486 833 2540; x_wconf 90' lang='lat' dir='ltr'>codd.</span> <span class='ocrx_word' id='word_1_151' title='bbox 869 2503 962 2540; x_wconf 86' lang='lat' dir='ltr'>norum</span> <span class='ocrx_word' id='word_1_152' title='bbox 987 2483 1150 2555; x_wconf 75' lang='lat' dir='ltr'>ignorantiae</span> <span class='ocrx_word' id='word_1_153' title='bbox 1168 2481 1338 2554; x_wconf 81' lang='lat' dir='ltr'>praeferenda</span> <span class='ocrx_word' id='word_1_154' title='bbox 1355 2481 1467 2556; x_wconf 66' lang='lat' dir='ltr'>ridetur.v</span> 
     </span>
     <span class='ocr_line' id='line_1_20' title="bbox 225 2549 1467 2630; baseline -0.003 -24"><span class='ocrx_word' id='word_1_155' title='bbox 225 2552 298 2608; x_wconf 85' lang='lat' dir='ltr'>Flor.</span> <span class='ocrx_word' id='word_1_156' title='bbox 324 2553 442 2610; x_wconf 75' lang='lat' dir='ltr'>Dasffl</span> <span class='ocrx_word' id='word_1_157' title='bbox 467 2554 585 2621; x_wconf 83' lang='lat' dir='ltr'>habent,</span> <span class='ocrx_word' id='word_1_158' title='bbox 612 2557 696 2608; x_wconf 88' lang='lat' dir='ltr'>ceteri</span> <span class='ocrx_word' id='word_1_159' title='bbox 712 2555 835 2610; x_wconf 73' lang='lat' dir='ltr'>Parthis·</span> <span class='ocrx_word' id='word_1_160' title='bbox 903 2572 921 2608; x_wconf 88' lang='lat' dir='ltr'><em>a</em></span> <span class='ocrx_word' id='word_1_161' title='bbox 938 2556 1011 2608; x_wconf 82' lang='lat' dir='ltr'>lusus</span> <span class='ocrx_word' id='word_1_162' title='bbox 1031 2553 1160 2606; x_wconf 82' lang='lat' dir='ltr'>Tlsruciue</span> <span class='ocrx_word' id='word_1_163' title='bbox 1177 2552 1269 2630; x_wconf 85' lang='lat' dir='ltr'>lutere]</span> <span class='ocrx_word' id='word_1_164' title='bbox 1297 2549 1412 2602; x_wconf 79' lang='lat' dir='ltr'>Laevum</span> <span class='ocrx_word' id='word_1_165' title='bbox 1430 2549 1467 2602; x_wconf 87' lang='lat' dir='ltr'>ls-</span> 
     </span>
     <span class='ocr_line' id='line_1_21' title="bbox 225 2617 1468 2694; baseline -0.002 -20"><span class='ocrx_word' id='word_1_166' title='bbox 225 2640 298 2688; x_wconf 83' lang='lat' dir='ltr'>aem,</span> <span class='ocrx_word' id='word_1_167' title='bbox 320 2623 369 2676; x_wconf 89' lang='lat' dir='ltr'>sed</span> <span class='ocrx_word' id='word_1_168' title='bbox 385 2639 428 2676; x_wconf 88' lang='lat' dir='ltr'>res</span> <span class='ocrx_word' id='word_1_169' title='bbox 445 2640 499 2676; x_wconf 90' lang='lat' dir='ltr'>non</span> <span class='ocrx_word' id='word_1_170' title='bbox 515 2631 558 2676; x_wconf 85' lang='lat' dir='ltr'>est</span> <span class='ocrx_word' id='word_1_171' title='bbox 574 2623 670 2691; x_wconf 85' lang='lat' dir='ltr'>dubis,</span> <span class='ocrx_word' id='word_1_172' title='bbox 689 2639 771 2694; x_wconf 88' lang='lat' dir='ltr'>quum</span> <span class='ocrx_word' id='word_1_173' title='bbox 787 2641 835 2676; x_wconf 91' lang='lat' dir='ltr'>no-</span> <span class='ocrx_word' id='word_1_174' title='bbox 869 2630 912 2675; x_wconf 90' lang='lat' dir='ltr'>tus</span> <span class='ocrx_word' id='word_1_175' title='bbox 929 2621 993 2676; x_wconf 88' lang='lat' dir='ltr'>dicit</span> <span class='ocrx_word' id='word_1_176' title='bbox 1010 2623 1043 2674; x_wconf 91' lang='lat' dir='ltr'>ad</span> <span class='ocrx_word' id='word_1_177' title='bbox 1061 2625 1167 2688; x_wconf 89' lang='lat' dir='ltr'>Istrum,</span> <span class='ocrx_word' id='word_1_178' title='bbox 1185 2638 1234 2675; x_wconf 86' lang='lat' dir='ltr'>nec</span> <span class='ocrx_word' id='word_1_179' title='bbox 1252 2619 1381 2673; x_wconf 82' lang='lat' dir='ltr'>immerito</span> <span class='ocrx_word' id='word_1_180' title='bbox 1393 2617 1468 2687; x_wconf 82' lang='lat' dir='ltr'>qussi</span> 
     </span>
     <span class='ocr_line' id='line_1_22' title="bbox 225 2689 1317 2762; baseline -0.004 -18"><span class='ocrx_word' id='word_1_181' title='bbox 225 2689 366 2745; x_wconf 73' lang='lat' dir='ltr'>minutim</span> <span class='ocrx_word' id='word_1_182' title='bbox 383 2690 417 2746; x_wconf 90' lang='lat' dir='ltr'>sit</span> <span class='ocrx_word' id='word_1_183' title='bbox 433 2691 584 2744; x_wconf 76' lang='lat' dir='ltr'>Parthicus.</span> <span class='ocrx_word' id='word_1_184' title='bbox 619 2691 686 2746; x_wconf 86' lang='lat' dir='ltr'>Mox</span> <span class='ocrx_word' id='word_1_185' title='bbox 712 2693 740 2745; x_wconf 84' lang='lat' dir='ltr'>E</span> <span class='ocrx_word' id='word_1_186' title='bbox 791 2709 834 2745; x_wconf 85' lang='lat' dir='ltr'>ra·</span> <span class='ocrx_word' id='word_1_187' title='bbox 870 2690 984 2745; x_wconf 85' lang='lat' dir='ltr'>Thracia</span> <span class='ocrx_word' id='word_1_188' title='bbox 1001 2690 1059 2762; x_wconf 82' lang='lat' dir='ltr'>ipsa</span> <span class='ocrx_word' id='word_1_189' title='bbox 1078 2689 1192 2743; x_wconf 85' lang='lat' dir='ltr'>Pontum</span> <span class='ocrx_word' id='word_1_190' title='bbox 1208 2695 1317 2761; x_wconf 79' lang='lat' dir='ltr'>spectet</span> 
     </span>
     <span class='ocr_line' id='line_1_23' title="bbox 226 2758 1467 2840; baseline -0.002 -26"><span class='ocrx_word' id='word_1_191' title='bbox 226 2770 269 2813; x_wconf 85' lang='lat' dir='ltr'>tea</span> <span class='ocrx_word' id='word_1_192' title='bbox 293 2759 376 2814; x_wconf 77' lang='lat' dir='ltr'>Ber-n.</span> <span class='ocrx_word' id='word_1_193' title='bbox 398 2761 425 2814; x_wconf 80' lang='grc' dir='ltr'><strong>Δ</strong></span> <span class='ocrx_word' id='word_1_194' title='bbox 451 2759 525 2814; x_wconf 85' lang='lat' dir='ltr'>Elor.</span> <span class='ocrx_word' id='word_1_195' title='bbox 546 2759 659 2825; x_wconf 77' lang='lat' dir='ltr'>ADEG,</span> <span class='ocrx_word' id='word_1_196' title='bbox 677 2761 723 2814; x_wconf 87' lang='lat' dir='ltr'>sed</span> <span class='ocrx_word' id='word_1_197' title='bbox 762 2761 834 2830; x_wconf 71' lang='lat' dir='ltr'>ipris</span> <span class='ocrx_word' id='word_1_198' title='bbox 904 2763 927 2829; x_wconf 71' lang='grc'>5.</span> <span class='ocrx_word' id='word_1_199' title='bbox 947 2769 988 2814; x_wconf 79' lang='grc'>14.</span> <span class='ocrx_word' id='word_1_200' title='bbox 1023 2779 1074 2814; x_wconf 77' lang='lat' dir='ltr'>stou</span> <span class='ocrx_word' id='word_1_201' title='bbox 1092 2778 1108 2810; x_wconf 92' lang='lat' dir='ltr'>u</span> <span class='ocrx_word' id='word_1_202' title='bbox 1127 2759 1207 2840; x_wconf 78' lang='lat' dir='ltr'>Bosp.</span> <span class='ocrx_word' id='word_1_203' title='bbox 1225 2758 1273 2812; x_wconf 85' lang='lat' dir='ltr'>sed</span> <span class='ocrx_word' id='word_1_204' title='bbox 1294 2775 1325 2810; x_wconf 80' lang='lat' dir='ltr'>er</span> <span class='ocrx_word' id='word_1_205' title='bbox 1344 2759 1467 2828; x_wconf 83' lang='lat' dir='ltr'>Europae</span> 
     </span>
     <span class='ocr_line' id='line_1_24' title="bbox 225 2826 1467 2901; baseline -0.002 -18"><span class='ocrx_word' id='word_1_206' title='bbox 225 2846 275 2899; x_wconf 89' lang='lat' dir='ltr'>pro</span> <span class='ocrx_word' id='word_1_207' title='bbox 296 2845 329 2883; x_wconf 91' lang='lat' dir='ltr'>eo</span> <span class='ocrx_word' id='word_1_208' title='bbox 351 2829 422 2901; x_wconf 86' lang='lat' dir='ltr'>quod</span> <span class='ocrx_word' id='word_1_209' title='bbox 443 2837 486 2882; x_wconf 86' lang='lat' dir='ltr'>est</span> <span class='ocrx_word' id='word_1_210' title='bbox 505 2829 609 2898; x_wconf 73' lang='lat' dir='ltr'>llyrim</span> <span class='ocrx_word' id='word_1_211' title='bbox 627 2847 694 2882; x_wconf 86' lang='lat' dir='ltr'>unus</span> <span class='ocrx_word' id='word_1_212' title='bbox 714 2827 784 2883; x_wconf 83' lang='lat' dir='ltr'>Flor.</span> <span class='ocrx_word' id='word_1_213' title='bbox 802 2833 832 2881; x_wconf 83' lang='lat' dir='ltr'>F.</span> <span class='ocrx_word' id='word_1_214' title='bbox 867 2830 982 2897; x_wconf 74' lang='lat' dir='ltr'>reqionel</span> <span class='ocrx_word' id='word_1_215' title='bbox 1027 2830 1065 2881; x_wconf 80' lang='lat' dir='ltr'>As</span> <span class='ocrx_word' id='word_1_216' title='bbox 1095 2827 1145 2881; x_wconf 93' lang='lat' dir='ltr'>boc</span> <span class='ocrx_word' id='word_1_217' title='bbox 1176 2846 1261 2898; x_wconf 82' lang='lat' dir='ltr'>ipsum</span> <span class='ocrx_word' id='word_1_218' title='bbox 1291 2826 1363 2880; x_wconf 90' lang='lat' dir='ltr'>nullo</span> <span class='ocrx_word' id='word_1_219' title='bbox 1388 2828 1467 2881; x_wconf 88' lang='lat' dir='ltr'>modo</span> 
     </span>
    </p>

    <p class='ocr_par' dir='ltr' id='par_1_9' title="bbox 224 2896 1468 3311">
     <span class='ocr_line' id='line_1_25' title="bbox 254 2896 1467 2967; baseline -0.001 -16"><span class='ocrx_word' id='word_1_220' title='bbox 254 2902 285 2965; x_wconf 46' lang='lat' dir='ltr'>fs.</span> <span class='ocrx_word' id='word_1_221' title='bbox 305 2904 346 2952; x_wconf 77' lang='lat'>1³.</span> <span class='ocrx_word' id='word_1_222' title='bbox 370 2899 483 2967; x_wconf 74' lang='lat' dir='ltr'>Scythes</span> <span class='ocrx_word' id='word_1_223' title='bbox 500 2929 535 2938; x_wconf 54' lang='grc' dir='ltr'>-κ</span> <span class='ocrx_word' id='word_1_224' title='bbox 553 2897 833 2966; x_wconf 55' lang='lat' dir='ltr'>occupatissimis„</span> <span class='ocrx_word' id='word_1_225' title='bbox 869 2896 995 2951; x_wconf 83' lang='lat' dir='ltr'>credibile</span> <span class='ocrx_word' id='word_1_226' title='bbox 1020 2907 1079 2964; x_wconf 85' lang='lat' dir='ltr'>est,</span> <span class='ocrx_word' id='word_1_227' title='bbox 1103 2906 1190 2950; x_wconf 85' lang='lat' dir='ltr'>ortum</span> <span class='ocrx_word' id='word_1_228' title='bbox 1212 2905 1300 2950; x_wconf 86' lang='lat' dir='ltr'>sutem</span> <span class='ocrx_word' id='word_1_229' title='bbox 1325 2905 1367 2949; x_wconf 85' lang='lat' dir='ltr'>est</span> <span class='ocrx_word' id='word_1_230' title='bbox 1384 2913 1417 2950; x_wconf 82' lang='lat' dir='ltr'>ex</span> <span class='ocrx_word' id='word_1_231' title='bbox 1435 2912 1467 2950; x_wconf 89' lang='lat' dir='ltr'>eo</span> 
     </span>
     <span class='ocr_line' id='line_1_26' title="bbox 225 2964 1468 3037; baseline -0.002 -18"><span class='ocrx_word' id='word_1_232' title='bbox 225 2966 322 3020; x_wconf 84' lang='lat' dir='ltr'>Parthi</span> <span class='ocrx_word' id='word_1_233' title='bbox 345 2965 392 3037; x_wconf 92' lang='lat' dir='ltr'>qui</span> <span class='ocrx_word' id='word_1_234' title='bbox 416 2983 487 3020; x_wconf 90' lang='lat' dir='ltr'>nuuc</span> <span class='ocrx_word' id='word_1_235' title='bbox 503 2983 563 3019; x_wconf 90' lang='lat' dir='ltr'>sam</span> <span class='ocrx_word' id='word_1_236' title='bbox 586 2975 685 3019; x_wconf 81' lang='lat' dir='ltr'>tenum</span> <span class='ocrx_word' id='word_1_237' title='bbox 704 2965 833 3032; x_wconf 88' lang='lat' dir='ltr'>incolunt,</span> <span class='ocrx_word' id='word_1_238' title='bbox 870 2967 941 3036; x_wconf 92' lang='lat' dir='ltr'>quod</span> <span class='ocrx_word' id='word_1_239' title='bbox 973 2965 1085 3036; x_wconf 83' lang='lat' dir='ltr'>Scythas</span> <span class='ocrx_word' id='word_1_240' title='bbox 1120 2965 1174 3018; x_wconf 91' lang='lat' dir='ltr'>sive</span> <span class='ocrx_word' id='word_1_241' title='bbox 1208 2965 1321 3018; x_wconf 83' lang='lat' dir='ltr'>Parthos</span> <span class='ocrx_word' id='word_1_242' title='bbox 1355 2964 1468 3018; x_wconf 85' lang='lat' dir='ltr'>Tanaim</span> 
     </span>
     <span class='ocr_line' id='line_1_27' title="bbox 225 3033 1467 3106; baseline -0.001 -18"><span class='ocrx_word' id='word_1_243' title='bbox 225 3033 335 3104; x_wconf 83' lang='lat' dir='ltr'>Scythia</span> <span class='ocrx_word' id='word_1_244' title='bbox 356 3033 463 3088; x_wconf 72' lang='lat' dir='ltr'>edundi</span> <span class='ocrx_word' id='word_1_245' title='bbox 486 3042 551 3087; x_wconf 86' lang='lat' dir='ltr'>sunt</span> <span class='ocrx_word' id='word_1_246' title='bbox 572 3043 601 3087; x_wconf 87' lang='lat' dir='ltr'>et</span> <span class='ocrx_word' id='word_1_247' title='bbox 617 3034 736 3088; x_wconf 88' lang='lat' dir='ltr'>eiusdem</span> <span class='ocrx_word' id='word_1_248' title='bbox 752 3051 834 3106; x_wconf 82' lang='lat' dir='ltr'>gene·</span> <span class='ocrx_word' id='word_1_249' title='bbox 869 3046 1045 3106; x_wconf 80' lang='lat' dir='ltr'>transgressos</span> <span class='ocrx_word' id='word_1_250' title='bbox 1070 3035 1098 3088; x_wconf 92' lang='lat' dir='ltr'>in</span> <span class='ocrx_word' id='word_1_251' title='bbox 1122 3035 1189 3088; x_wconf 81' lang='lat' dir='ltr'>baec</span> <span class='ocrx_word' id='word_1_252' title='bbox 1215 3033 1272 3088; x_wconf 85' lang='lat' dir='ltr'>loos</span> <span class='ocrx_word' id='word_1_253' title='bbox 1289 3033 1389 3087; x_wconf 83' lang='lat' dir='ltr'>venisse</span> <span class='ocrx_word' id='word_1_254' title='bbox 1405 3051 1467 3088; x_wconf 90' lang='lat' dir='ltr'>con-</span> 
     </span>
     <span class='ocr_line' id='line_1_28' title="bbox 225 3101 1468 3174; baseline -0.003 -16"><span class='ocrx_word' id='word_1_255' title='bbox 225 3102 269 3157; x_wconf 85' lang='lat' dir='ltr'>ris.</span> <span class='ocrx_word' id='word_1_256' title='bbox 305 3102 348 3157; x_wconf 80' lang='lat' dir='ltr'>Cf.</span> <span class='ocrx_word' id='word_1_257' title='bbox 367 3119 448 3174; x_wconf 87' lang='lat' dir='ltr'>snpra</span> <span class='ocrx_word' id='word_1_258' title='bbox 466 3117 506 3169; x_wconf 84' lang='lat' dir='ltr'>tv,</span> <span class='ocrx_word' id='word_1_259' title='bbox 525 3107 567 3165; x_wconf 79' lang='grc'>45,</span> <span class='ocrx_word' id='word_1_260' title='bbox 587 3108 626 3155; x_wconf 85' lang='grc'>11.</span> <span class='ocrx_word' id='word_1_261' title='bbox 869 3103 949 3168; x_wconf 83' lang='lat' dir='ltr'>stitit,</span> <span class='ocrx_word' id='word_1_262' title='bbox 967 3103 1087 3174; x_wconf 88' lang='lat' dir='ltr'>nimirum</span> <span class='ocrx_word' id='word_1_263' title='bbox 1103 3121 1164 3156; x_wconf 90' lang='lat' dir='ltr'>eum</span> <span class='ocrx_word' id='word_1_264' title='bbox 1182 3103 1293 3156; x_wconf 87' lang='lat' dir='ltr'>Tanaim</span> <span class='ocrx_word' id='word_1_265' title='bbox 1312 3119 1389 3173; x_wconf 89' lang='lat' dir='ltr'>quem</span> <span class='ocrx_word' id='word_1_266' title='bbox 1404 3101 1468 3156; x_wconf 85' lang='lat' dir='ltr'>Ale-</span> 
     </span>
     <span class='ocr_line' id='line_1_29' title="bbox 224 3171 1467 3311; baseline 0.001 -18"><span class='ocrx_word' id='word_1_267' title='bbox 224 3171 836 3311; x_wconf 46' lang='lat' dir='ltr'>milcii&#39;ifieiiliilifflqiffi</span> <span class='ocrx_word' id='word_1_268' title='bbox 870 3171 1467 3294; x_wconf 63' lang='lat' dir='ltr'>tttttmtttttttttttlltlt&#39;t·</span> 
     </span>
    </p>

    <p class='ocr_par' dir='ltr' id='par_1_10' title="bbox 686 3281 1012 3306">
     <span class='ocr_line' id='line_1_30' title="bbox 686 3281 1012 3306; baseline 0.006 -2"><span class='ocrx_word' id='word_1_269' title='bbox 686 3281 693 3304; x_wconf 71' lang='lat' dir='ltr'>t</span> <span class='ocrx_word' id='word_1_270' title='bbox 1005 3281 1012 3306; x_wconf 76' lang='grc'>1</span> 
     </span>
    </p>

    <p class='ocr_par' dir='ltr' id='par_1_11' title="bbox 223 3281 1468 4549">
     <span class='ocr_line' id='line_1_31' title="bbox 226 3281 1467 3364; baseline 0.001 -2"><span class='ocrx_word' id='word_1_271' title='bbox 226 3307 360 3362; x_wconf 84' lang='lat' dir='ltr'>Euxinum</span> <span class='ocrx_word' id='word_1_272' title='bbox 378 3324 440 3361; x_wconf 92' lang='lat' dir='ltr'>cum</span> <span class='ocrx_word' id='word_1_273' title='bbox 477 3308 556 3361; x_wconf 89' lang='lat' dir='ltr'>slude</span> <span class='ocrx_word' id='word_1_274' title='bbox 574 3309 710 3362; x_wconf 84' lang='lat' dir='ltr'>Maeotide</span> <span class='ocrx_word' id='word_1_275' title='bbox 727 3307 835 3362; x_wconf 91' lang='lat' dir='ltr'>coniun·</span> <span class='ocrx_word' id='word_1_276' title='bbox 870 3315 903 3363; x_wconf 80' lang='lat'>80</span> <span class='ocrx_word' id='word_1_277' title='bbox 922 3310 1037 3364; x_wconf 89' lang='lat' dir='ltr'>convicti</span> <span class='ocrx_word' id='word_1_278' title='bbox 1055 3310 1133 3362; x_wconf 85' lang='lat' dir='ltr'>etiam</span> <span class='ocrx_word' id='word_1_279' title='bbox 1144 3309 1252 3363; x_wconf 86' lang='lat' dir='ltr'>Curtius</span> <span class='ocrx_word' id='word_1_280' title='bbox 1265 3281 1467 3363; x_wconf 86' lang='lat' dir='ltr'>nosterGrsecd</span> 
     </span>
     <span class='ocr_line' id='line_1_32' title="bbox 225 3375 1467 3449; baseline 0.001 -20"><span class='ocrx_word' id='word_1_281' title='bbox 225 3376 273 3446; x_wconf 77' lang='lat' dir='ltr'>git</span> <span class='ocrx_word' id='word_1_282' title='bbox 291 3376 330 3429; x_wconf 82' lang='lat' dir='ltr'>Et</span> <span class='ocrx_word' id='word_1_283' title='bbox 347 3393 427 3446; x_wconf 84' lang='lat' dir='ltr'>super</span> <span class='ocrx_word' id='word_1_284' title='bbox 474 3375 520 3440; x_wconf 86' lang='lat' dir='ltr'>cit,</span> <span class='ocrx_word' id='word_1_285' title='bbox 539 3377 611 3446; x_wconf 86' lang='lat' dir='ltr'>quod</span> <span class='ocrx_word' id='word_1_286' title='bbox 629 3385 703 3429; x_wconf 81' lang='lat' dir='ltr'>terra</span> <span class='ocrx_word' id='word_1_287' title='bbox 712 3376 835 3432; x_wconf 87' lang='lat' dir='ltr'>adiacens</span> <span class='ocrx_word' id='word_1_288' title='bbox 869 3387 976 3432; x_wconf 86' lang='lat' dir='ltr'>auctore</span> <span class='ocrx_word' id='word_1_289' title='bbox 994 3397 1041 3432; x_wconf 92' lang='lat' dir='ltr'>suo</span> <span class='ocrx_word' id='word_1_290' title='bbox 1058 3380 1183 3449; x_wconf 87' lang='lat' dir='ltr'>deceptus</span> <span class='ocrx_word' id='word_1_291' title='bbox 1201 3377 1334 3448; x_wconf 84' lang='lat' dir='ltr'>particeps</span> <span class='ocrx_word' id='word_1_292' title='bbox 1351 3385 1409 3443; x_wconf 88' lang='lat' dir='ltr'>est,</span> <span class='ocrx_word' id='word_1_293' title='bbox 1428 3377 1467 3431; x_wconf 89' lang='lat' dir='ltr'>uti</span> 
     </span>
     <span class='ocr_line' id='line_1_33' title="bbox 224 3441 1468 3570; baseline 0.002 -4"><span class='ocrx_word' id='word_1_294' title='bbox 224 3441 714 3566; x_wconf 50' lang='lat' dir='ltr'>tffbtmnttlffitlgttffl</span> <span class='ocrx_word' id='word_1_295' title='bbox 731 3462 835 3570; x_wconf 61' lang='grc' dir='ltr'>’Ἢ</span> <span class='ocrx_word' id='word_1_296' title='bbox 894 3445 1468 3568; x_wconf 48' lang='lat' dir='ltr'>thimiamatum</span> 
     </span>
     <span class='ocr_line' id='line_1_34' title="bbox 224 3530 1467 3656; baseline 0.002 -22"><span class='ocrx_word' id='word_1_297' title='bbox 224 3599 283 3634; x_wconf 88' lang='lat' dir='ltr'>rum</span> <span class='ocrx_word' id='word_1_298' title='bbox 300 3597 375 3635; x_wconf 88' lang='lat' dir='ltr'>more</span> <span class='ocrx_word' id='word_1_299' title='bbox 396 3551 534 3652; x_wconf 85' lang='lat' dir='ltr'>superidrs</span> <span class='ocrx_word' id='word_1_300' title='bbox 560 3530 833 3656; x_wconf 56' lang='lat' dir='ltr'>intelligiiiffll&#39;uss</span> <span class='ocrx_word' id='word_1_301' title='bbox 867 3533 1111 3650; x_wconf 54' lang='lat' dir='ltr'>urinafflciebant,</span> <span class='ocrx_word' id='word_1_302' title='bbox 1131 3601 1176 3638; x_wconf 91' lang='lat' dir='ltr'>eos</span> <span class='ocrx_word' id='word_1_303' title='bbox 1194 3585 1239 3654; x_wconf 91' lang='lat' dir='ltr'>qui</span> <span class='ocrx_word' id='word_1_304' title='bbox 1253 3583 1364 3638; x_wconf 85' lang='lat' dir='ltr'>Tanaim</span> <span class='ocrx_word' id='word_1_305' title='bbox 1382 3591 1467 3636; x_wconf 84' lang='lat' dir='ltr'>trans-</span> 
     </span>
     <span class='ocr_line' id='line_1_35' title="bbox 225 3649 1467 3723; baseline 0.001 -20"><span class='ocrx_word' id='word_1_306' title='bbox 225 3649 259 3703; x_wconf 85' lang='lat' dir='ltr'>sd</span> <span class='ocrx_word' id='word_1_307' title='bbox 276 3649 472 3720; x_wconf 78' lang='lat' dir='ltr'>septentriones</span> <span class='ocrx_word' id='word_1_308' title='bbox 483 3666 561 3704; x_wconf 83' lang='lat' dir='ltr'>versa</span> <span class='ocrx_word' id='word_1_309' title='bbox 578 3659 648 3704; x_wconf 86' lang='lat' dir='ltr'>sunt.</span> <span class='ocrx_word' id='word_1_310' title='bbox 668 3651 727 3705; x_wconf 89' lang='lat' dir='ltr'>Hoc</span> <span class='ocrx_word' id='word_1_311' title='bbox 742 3663 832 3706; x_wconf 83' lang='lat' dir='ltr'>sutem</span> <span class='ocrx_word' id='word_1_312' title='bbox 867 3649 949 3704; x_wconf 85' lang='lat' dir='ltr'>issent</span> <span class='ocrx_word' id='word_1_313' title='bbox 971 3669 1005 3706; x_wconf 86' lang='lat' dir='ltr'>ex</span> <span class='ocrx_word' id='word_1_314' title='bbox 1029 3653 1137 3723; x_wconf 86' lang='lat' dir='ltr'>Europa</span> <span class='ocrx_word' id='word_1_315' title='bbox 1161 3653 1263 3707; x_wconf 86' lang='lat' dir='ltr'>venisse</span> <span class='ocrx_word' id='word_1_316' title='bbox 1285 3651 1467 3722; x_wconf 84' lang='lat' dir='ltr'>opinabantur.</span> 
     </span>
     <span class='ocr_line' id='line_1_36' title="bbox 224 3717 1467 3792; baseline 0.002 -21"><span class='ocrx_word' id='word_1_317' title='bbox 224 3717 284 3772; x_wconf 86' lang='lat' dir='ltr'>loeo</span> <span class='ocrx_word' id='word_1_318' title='bbox 302 3726 402 3772; x_wconf 77' lang='lat' dir='ltr'>terram</span> <span class='ocrx_word' id='word_1_319' title='bbox 419 3727 526 3772; x_wconf 86' lang='lat' dir='ltr'>coastat</span> <span class='ocrx_word' id='word_1_320' title='bbox 544 3717 658 3788; x_wconf 82' lang='lat' dir='ltr'>intelligi</span> <span class='ocrx_word' id='word_1_321' title='bbox 667 3737 735 3792; x_wconf 87' lang='lat' dir='ltr'>quse</span> <span class='ocrx_word' id='word_1_322' title='bbox 747 3721 834 3774; x_wconf 85' lang='lat' dir='ltr'>orien-</span> <span class='ocrx_word' id='word_1_323' title='bbox 870 3719 995 3774; x_wconf 82' lang='lat' dir='ltr'>Ceterum</span> <span class='ocrx_word' id='word_1_324' title='bbox 1022 3740 1053 3774; x_wconf 84' lang='lat' dir='ltr'>er</span> <span class='ocrx_word' id='word_1_325' title='bbox 1075 3723 1175 3790; x_wconf 85' lang='lat' dir='ltr'>Europ.</span> <span class='ocrx_word' id='word_1_326' title='bbox 1193 3740 1247 3792; x_wconf 73' lang='lat' dir='ltr'>req.</span> <span class='ocrx_word' id='word_1_327' title='bbox 1273 3737 1363 3776; x_wconf 87' lang='lat' dir='ltr'>omnes</span> <span class='ocrx_word' id='word_1_328' title='bbox 1385 3720 1467 3774; x_wconf 89' lang='lat' dir='ltr'>nostri</span> 
     </span>
     <span class='ocr_line' id='line_1_37' title="bbox 223 3787 1433 3861; baseline 0.002 -22"><span class='ocrx_word' id='word_1_329' title='bbox 223 3794 278 3839; x_wconf 67' lang='lat' dir='ltr'>usn</span> <span class='ocrx_word' id='word_1_330' title='bbox 302 3803 393 3840; x_wconf 82' lang='lat' dir='ltr'>versus</span> <span class='ocrx_word' id='word_1_331' title='bbox 418 3796 461 3840; x_wconf 89' lang='lat' dir='ltr'>est</span> <span class='ocrx_word' id='word_1_332' title='bbox 490 3804 508 3840; x_wconf 80' lang='lat' dir='ltr'>a</span> <span class='ocrx_word' id='word_1_333' title='bbox 531 3787 667 3841; x_wconf 88' lang='lat' dir='ltr'>Maeotide</span> <span class='ocrx_word' id='word_1_334' title='bbox 693 3797 722 3842; x_wconf 87' lang='lat' dir='ltr'>et</span> <span class='ocrx_word' id='word_1_335' title='bbox 748 3788 834 3843; x_wconf 84' lang='lat' dir='ltr'>Tanai</span> <span class='ocrx_word' id='word_1_336' title='bbox 869 3805 930 3842; x_wconf 87' lang='lat' dir='ltr'>cum</span> <span class='ocrx_word' id='word_1_337' title='bbox 947 3790 1023 3843; x_wconf 89' lang='lat' dir='ltr'>Voss.</span> <span class='ocrx_word' id='word_1_338' title='bbox 1044 3799 1065 3842; x_wconf 85' lang='lat' dir='ltr'>t.</span> <span class='ocrx_word' id='word_1_339' title='bbox 1083 3798 1107 3843; x_wconf 78' lang='lat'>⁶2.</span> <span class='ocrx_word' id='word_1_340' title='bbox 1140 3789 1229 3861; x_wconf 84' lang='lat' dir='ltr'>Vulgo</span> <span class='ocrx_word' id='word_1_341' title='bbox 1246 3808 1278 3843; x_wconf 79' lang='lat' dir='ltr'>er</span> <span class='ocrx_word' id='word_1_342' title='bbox 1295 3807 1323 3842; x_wconf 85' lang='lat' dir='ltr'>re</span> <span class='ocrx_word' id='word_1_343' title='bbox 1342 3829 1348 3842; x_wconf 89' lang='lat'><em>.</em></span> <span class='ocrx_word' id='word_1_344' title='bbox 1366 3791 1433 3843; x_wconf 89' lang='lat' dir='ltr'>Eur.</span> 
     </span>
     <span class='ocr_line' id='line_1_38' title="bbox 224 3854 1468 3976; baseline 0.002 -68"><span class='ocrx_word' id='word_1_345' title='bbox 224 3854 375 3976; x_wconf 57' lang='grc' dir='ltr'><strong>ΕἫωο.</strong></span> <span class='ocrx_word' id='word_1_346' title='bbox 410 3855 506 3921; x_wconf 85' lang='lat' dir='ltr'>Mare,</span> <span class='ocrx_word' id='word_1_347' title='bbox 535 3858 607 3936; x_wconf 82' lang='lat' dir='ltr'>quod</span> <span class='ocrx_word' id='word_1_348' title='bbox 634 3859 668 3911; x_wconf 83' lang='lat' dir='ltr'>ad</span> <span class='ocrx_word' id='word_1_349' title='bbox 685 3858 833 3927; x_wconf 80' lang='lat' dir='ltr'>Bosporum</span> <span class='ocrx_word' id='word_1_350' title='bbox 903 3860 926 3925; x_wconf 69' lang='lat'>§-</span> <span class='ocrx_word' id='word_1_351' title='bbox 947 3864 986 3910; x_wconf 83' lang='lat'>15.</span> <span class='ocrx_word' id='word_1_352' title='bbox 1005 3861 1108 3913; x_wconf 84' lang='lat' dir='ltr'>conditu</span> <span class='ocrx_word' id='word_1_353' title='bbox 1126 3877 1143 3912; x_wconf 86' lang='grc' dir='ltr'>α</span> <span class='ocrx_word' id='word_1_354' title='bbox 1165 3859 1288 3929; x_wconf 84' lang='lat' dir='ltr'>Graecis]</span> <span class='ocrx_word' id='word_1_355' title='bbox 1335 3874 1366 3910; x_wconf 86' lang='lat' dir='ltr'>sc</span> <span class='ocrx_word' id='word_1_356' title='bbox 1382 3875 1468 3927; x_wconf 79' lang='lat' dir='ltr'>nugas</span> 
     </span>
     <span class='ocr_line' id='line_1_39' title="bbox 224 3923 1466 3998; baseline 0.002 -20"><span class='ocrx_word' id='word_1_357' title='bbox 224 3923 252 3978; x_wconf 91' lang='lat' dir='ltr'>in</span> <span class='ocrx_word' id='word_1_358' title='bbox 285 3923 329 3978; x_wconf 87' lang='lat' dir='ltr'>&#39;d.</span> <span class='ocrx_word' id='word_1_359' title='bbox 346 3931 415 3977; x_wconf 83' lang='lat' dir='ltr'>vett.</span> <span class='ocrx_word' id='word_1_360' title='bbox 438 3932 468 3977; x_wconf 86' lang='lat' dir='ltr'>et</span> <span class='ocrx_word' id='word_1_361' title='bbox 503 3924 619 3995; x_wconf 78' lang='lat' dir='ltr'>lorisque</span> <span class='ocrx_word' id='word_1_362' title='bbox 637 3925 770 3980; x_wconf 87' lang='lat' dir='ltr'>codicibus</span> <span class='ocrx_word' id='word_1_363' title='bbox 786 3927 833 3980; x_wconf 87' lang='lat' dir='ltr'>ds·</span> <span class='ocrx_word' id='word_1_364' title='bbox 868 3935 938 3979; x_wconf 82' lang='lat' dir='ltr'>sunt</span> <span class='ocrx_word' id='word_1_365' title='bbox 974 3927 1044 3982; x_wconf 89' lang='lat' dir='ltr'>Urbs</span> <span class='ocrx_word' id='word_1_366' title='bbox 1071 3927 1179 3998; x_wconf 84' lang='lat' dir='ltr'>antique</span> <span class='ocrx_word' id='word_1_367' title='bbox 1211 3927 1262 3981; x_wconf 82' lang='lat' dir='ltr'>suit</span> <span class='ocrx_word' id='word_1_368' title='bbox 1288 3926 1466 3992; x_wconf 86' lang='lat' dir='ltr'>hauddubie,</span> 
     </span>
     <span class='ocr_line' id='line_1_40' title="bbox 225 3991 1467 4066; baseline 0.002 -20"><span class='ocrx_word' id='word_1_369' title='bbox 225 3991 328 4048; x_wconf 85' lang='lat' dir='ltr'>terioris</span> <span class='ocrx_word' id='word_1_370' title='bbox 343 3991 446 4046; x_wconf 84' lang='lat' dir='ltr'>ordinis</span> <span class='ocrx_word' id='word_1_371' title='bbox 499 3992 596 4059; x_wconf 88' lang='lat' dir='ltr'>iicitur,</span> <span class='ocrx_word' id='word_1_372' title='bbox 610 3994 732 4048; x_wconf 78' lang='lat' dir='ltr'>allodio</span> <span class='ocrx_word' id='word_1_373' title='bbox 765 3994 832 4048; x_wconf 90' lang='lat' dir='ltr'>rimo</span> <span class='ocrx_word' id='word_1_374' title='bbox 869 3994 912 4048; x_wconf 91' lang='lat' dir='ltr'>cui</span> <span class='ocrx_word' id='word_1_375' title='bbox 940 4013 1034 4050; x_wconf 89' lang='lat' dir='ltr'>nomen</span> <span class='ocrx_word' id='word_1_376' title='bbox 1053 3996 1182 4050; x_wconf 88' lang='lat' dir='ltr'>Graecum</span> <span class='ocrx_word' id='word_1_377' title='bbox 1206 3995 1356 4066; x_wconf 88' lang='lat' dir='ltr'>imposuisse</span> <span class='ocrx_word' id='word_1_378' title='bbox 1383 3998 1467 4050; x_wconf 81' lang='lat' dir='ltr'>fertur</span> 
     </span>
     <span class='ocr_line' id='line_1_41' title="bbox 224 4060 1468 4140; baseline 0.002 -25"><span class='ocrx_word' id='word_1_379' title='bbox 224 4060 360 4115; x_wconf 83' lang='lat' dir='ltr'>sublatum</span> <span class='ocrx_word' id='word_1_380' title='bbox 376 4061 593 4140; x_wconf 12' lang='lat' dir='ltr'>estkauctoritste</span> <span class='ocrx_word' id='word_1_381' title='bbox 602 4061 741 4116; x_wconf 79' lang='lat' dir='ltr'>archarum</span> <span class='ocrx_word' id='word_1_382' title='bbox 763 4061 833 4118; x_wconf 82' lang='lat' dir='ltr'>bro·</span> <span class='ocrx_word' id='word_1_383' title='bbox 868 4062 992 4119; x_wconf 88' lang='lat' dir='ltr'>Seleucus</span> <span class='ocrx_word' id='word_1_384' title='bbox 1012 4065 1123 4119; x_wconf 88' lang='lat' dir='ltr'>Nicator</span> <span class='ocrx_word' id='word_1_385' title='bbox 1144 4063 1236 4134; x_wconf 87' lang='lat' dir='ltr'>Syrias</span> <span class='ocrx_word' id='word_1_386' title='bbox 1257 4081 1304 4118; x_wconf 75' lang='lat' dir='ltr'>rea</span> <span class='ocrx_word' id='word_1_387' title='bbox 1325 4065 1394 4135; x_wconf 89' lang='lat' dir='ltr'>apud</span> <span class='ocrx_word' id='word_1_388' title='bbox 1412 4065 1468 4135; x_wconf 84' lang='lat' dir='ltr'>Ap-</span> 
     </span>
     <span class='ocr_line' id='line_1_42' title="bbox 225 4129 1467 4267; baseline 0.004 -16"><span class='ocrx_word' id='word_1_389' title='bbox 225 4129 832 4267; x_wconf 46' lang='lat' dir='ltr'>ffi’sifflisffhli‘iaiiiilcii</span> <span class='ocrx_word' id='word_1_390' title='bbox 888 4132 1404 4256; x_wconf 54' lang='lat' dir='ltr'>3t⁰lt¹ittt⁶lt⁸t0⁵ltt⁰²ffl</span> <span class='ocrx_word' id='word_1_391' title='bbox 1421 4134 1467 4187; x_wconf 80' lang='lat'>¹‘⁰&#39;</span> 
     </span>
     <span class='ocr_line' id='line_1_43' title="bbox 226 4217 1467 4343; baseline 0.003 -23"><span class='ocrx_word' id='word_1_392' title='bbox 226 4263 358 4321; x_wconf 82' lang='lat' dir='ltr'>Scribitur</span> <span class='ocrx_word' id='word_1_393' title='bbox 371 4217 466 4320; x_wconf 51' lang='grc' dir='ltr'>ιιιιιιῑεειιι</span> <span class='ocrx_word' id='word_1_394' title='bbox 486 4267 514 4320; x_wconf 92' lang='lat' dir='ltr'>in</span> <span class='ocrx_word' id='word_1_395' title='bbox 531 4267 653 4322; x_wconf 86' lang='lat' dir='ltr'>omnibus</span> <span class='ocrx_word' id='word_1_396' title='bbox 670 4285 731 4322; x_wconf 80' lang='lat' dir='ltr'>nass.</span> <span class='ocrx_word' id='word_1_397' title='bbox 750 4286 834 4340; x_wconf 88' lang='lat' dir='ltr'>quan·</span> <span class='ocrx_word' id='word_1_398' title='bbox 902 4273 979 4342; x_wconf 79' lang='lat' dir='ltr'>otiosi</span> <span class='ocrx_word' id='word_1_399' title='bbox 995 4221 1086 4324; x_wconf 62' lang='lat' dir='ltr'>militib</span> <span class='ocrx_word' id='word_1_400' title='bbox 1096 4221 1198 4343; x_wconf 64' lang='lat' dir='ltr'>ulrich]</span> <span class='ocrx_word' id='word_1_401' title='bbox 1217 4271 1284 4324; x_wconf 86' lang='lat' dir='ltr'>Edd.</span> <span class='ocrx_word' id='word_1_402' title='bbox 1302 4279 1366 4322; x_wconf 77' lang='lat' dir='ltr'>vett</span> <span class='ocrx_word' id='word_1_403' title='bbox 1387 4269 1467 4324; x_wconf 91' lang='lat' dir='ltr'>Vind.</span> 
     </span>
     <span class='ocr_line' id='line_1_44' title="bbox 225 4335 1467 4406; baseline 0.004 -19"><span class='ocrx_word' id='word_1_404' title='bbox 225 4342 284 4388; x_wconf 87' lang='lat' dir='ltr'>tum</span> <span class='ocrx_word' id='word_1_405' title='bbox 301 4335 380 4390; x_wconf 80' lang='lat' dir='ltr'>video</span> <span class='ocrx_word' id='word_1_406' title='bbox 396 4335 425 4389; x_wconf 91' lang='lat' dir='ltr'>in</span> <span class='ocrx_word' id='word_1_407' title='bbox 441 4335 595 4390; x_wconf 84' lang='lat' dir='ltr'>melioribus</span> <span class='ocrx_word' id='word_1_408' title='bbox 610 4339 654 4406; x_wconf 80' lang='lat' dir='ltr'>pls,</span> <span class='ocrx_word' id='word_1_409' title='bbox 673 4337 701 4390; x_wconf 90' lang='lat' dir='ltr'>in</span> <span class='ocrx_word' id='word_1_410' title='bbox 718 4337 833 4392; x_wconf 84' lang='lat' dir='ltr'>deterio-</span> <span class='ocrx_word' id='word_1_411' title='bbox 868 4337 935 4392; x_wconf 87' lang='lat' dir='ltr'>Mer.</span> <span class='ocrx_word' id='word_1_412' title='bbox 964 4337 1024 4393; x_wconf 79' lang='lat' dir='ltr'>Ald.</span> <span class='ocrx_word' id='word_1_413' title='bbox 1059 4339 1168 4393; x_wconf 87' lang='lat' dir='ltr'>Iuniana</span> <span class='ocrx_word' id='word_1_414' title='bbox 1203 4342 1298 4393; x_wconf 73' lang='lat' dir='ltr'>uiritim</span> <span class='ocrx_word' id='word_1_415' title='bbox 1330 4335 1467 4406; x_wconf 84' lang='lat' dir='ltr'>exhibent,</span> 
     </span>
     <span class='ocr_line' id='line_1_45' title="bbox 226 4402 1466 4479; baseline 0.004 -22"><span class='ocrx_word' id='word_1_416' title='bbox 226 4402 298 4458; x_wconf 89' lang='lat' dir='ltr'>ribus</span> <span class='ocrx_word' id='word_1_417' title='bbox 315 4404 351 4474; x_wconf 82' lang='lat' dir='ltr'>s,</span> <span class='ocrx_word' id='word_1_418' title='bbox 378 4403 406 4458; x_wconf 90' lang='lat' dir='ltr'>in</span> <span class='ocrx_word' id='word_1_419' title='bbox 429 4404 503 4459; x_wconf 90' lang='lat' dir='ltr'>nullo</span> <span class='ocrx_word' id='word_1_420' title='bbox 525 4422 575 4460; x_wconf 88' lang='lat' dir='ltr'>nec</span> <span class='ocrx_word' id='word_1_421' title='bbox 600 4405 628 4459; x_wconf 90' lang='lat' dir='ltr'>in</span> <span class='ocrx_word' id='word_1_422' title='bbox 651 4405 732 4477; x_wconf 82' lang='lat' dir='ltr'>vulgo</span> <span class='ocrx_word' id='word_1_423' title='bbox 755 4406 833 4460; x_wconf 87' lang='lat' dir='ltr'>editis</span> <span class='ocrx_word' id='word_1_424' title='bbox 868 4407 975 4461; x_wconf 87' lang='lat' dir='ltr'>sustulit</span> <span class='ocrx_word' id='word_1_425' title='bbox 1000 4409 1122 4462; x_wconf 81' lang='lat' dir='ltr'>meirdrun</span> <span class='ocrx_word' id='word_1_426' title='bbox 1144 4404 1340 4479; x_wconf 64' lang='lat' dir='ltr'>sigebergehis</span> <span class='ocrx_word' id='word_1_427' title='bbox 1368 4407 1466 4462; x_wconf 87' lang='lat' dir='ltr'>codicis</span> 
     </span>
     <span class='ocr_line' id='line_1_46' title="bbox 225 4472 1467 4549; baseline 0.006 -24"><span class='ocrx_word' id='word_1_428' title='bbox 225 4472 371 4542; x_wconf 79' lang='lat' dir='ltr'>Bosponu.</span> <span class='ocrx_word' id='word_1_429' title='bbox 415 4473 517 4528; x_wconf 88' lang='lat' dir='ltr'>Verum</span> <span class='ocrx_word' id='word_1_430' title='bbox 541 4475 591 4530; x_wconf 82' lang='lat' dir='ltr'>hac</span> <span class='ocrx_word' id='word_1_431' title='bbox 616 4493 723 4546; x_wconf 87' lang='lat' dir='ltr'>quoque</span> <span class='ocrx_word' id='word_1_432' title='bbox 751 4475 779 4530; x_wconf 90' lang='lat' dir='ltr'>in</span> <span class='ocrx_word' id='word_1_433' title='bbox 805 4491 835 4530; x_wconf 88' lang='lat' dir='ltr'>re</span> <span class='ocrx_word' id='word_1_434' title='bbox 868 4477 1029 4532; x_wconf 84' lang='lat' dir='ltr'>auctoritate</span> <span class='ocrx_word' id='word_1_435' title='bbox 1045 4477 1158 4532; x_wconf 84' lang='lat' dir='ltr'>Medius</span> <span class='ocrx_word' id='word_1_436' title='bbox 1182 4479 1304 4549; x_wconf 81' lang='lat' dir='ltr'>Apparet</span> <span class='ocrx_word' id='word_1_437' title='bbox 1320 4493 1355 4530; x_wconf 89' lang='lat' dir='ltr'>ex</span> <span class='ocrx_word' id='word_1_438' title='bbox 1372 4476 1467 4547; x_wconf 90' lang='lat' dir='ltr'>quibus</span> 
     </span>
    </p>
   </div>
   <div class='ocr_carea' id='block_1_4' title="bbox 0 0 1672 5066">
    <p class='ocr_par' dir='ltr' id='par_1_12' title="bbox 0 0 1672 5066">
     <span class='ocr_line' id='line_1_47' title="bbox 0 0 1672 5066; baseline 0 0"><span class='ocrx_word' id='word_1_439' title='bbox 0 0 1672 5066; x_wconf 95' lang='lat' dir='ltr'> </span> 
     </span>
    </p>
   </div>
  </div>
 </body>
</html>
