3346 5044
152 321 156 329 '
217 321 289 392 196
628 331 631 338 ·
682 332 974 400 naumurum
1057 327 1061 334 ’

211 514 387 622 petituros
394 513 589 612 ,Iumenta
615 521 738 617 inquit,
764 523 934 621 osriqrmri
956 545 1042 621 quoe
1066 547 1124 594 vos
1148 509 1306 613 velam,
1326 531 1357 592 ct
1380 517 1447 592 etio

208 627 300 726 pules
333 641 478 706 vocam
509 633 605 706 mileo
638 634 813 707 domnion
846 633 926 707 dari
955 631 1049 705 iasa
1104 629 1191 706 Can
1221 631 1386 703 redienbs
1411 631 1449 700 in

215 737 412 834 Grocoiom,
443 745 637 844 praestabo,
671 769 713 817 nc
737 744 939 843 quistatim
963 767 1078 830 suum,
1112 740 1145 814 si
1170 741 1248 811 haec
1273 741 1447 814 oobmime

213 851 423 944 adeberone
446 857 560 928 aedat
583 879 652 928 esec
676 856 851 928 owbman.
890 853 944 926 Illi
970 852 1106 927 obortis
1132 849 1285 923 lacrimis
1313 859 1447 920 terram
1465 869 1499 916 2³

213 963 460 1053 intuebantur,
499 987 566 1036 nec
604 974 667 1035 aut
698 965 833 1060 erigere
864 966 985 1036 vultus
1018 973 1082 1036 aut
1116 962 1212 1059 loqui
1247 958 1448 1032 audebant:

211 1073 359 1147 tandem
393 1095 477 1167 rege
493 1099 496 1106 ⁴
512 1072 676 1144 tristitiae
711 1093 854 1144 causam
880 1074 1063 1167 exigente,
1097 1071 1294 1144 Euctemon
1321 1069 1449 1142 similia

211 1183 264 1273 iis,
291 1205 383 1278 quae
407 1182 445 1252 in
472 1182 617 1255 consilio
644 1181 794 1271 dixerat,
820 1179 1014 1279 respondit
1048 1183 1170 1277 Atque
1196 1181 1254 1253 ille
1279 1207 1353 1252 non
1378 1183 1448 1253 for-
1467 1199 1502 1247 24

210 1303 320 1364 tunae
345 1291 460 1364 solum
486 1317 620 1384 eorum,
646 1293 711 1366 sed
736 1293 843 1366 ctiam
868 1291 1108 1391 poenitentiae
1133 1293 1315 1380 misertus,
1343 1301 1450 1362 temo

210 1403 308 1474 milia
339 1401 525 1476 denenum
556 1405 702 1503 singulis
735 1404 813 1477 dari
843 1404 963 1477 iussit:
996 1403 1115 1478 denae
1141 1413 1260 1479 vestes
1287 1401 1449 1476 adiectae
1497 1442 1499 1446 ·

210 1525 312 1603 sunt;
327 1525 378 1587 et
403 1526 567 1588 armenta
591 1540 672 1588 cum
698 1516 884 1613 pecoribus
911 1539 952 1587 ac
978 1517 1158 1588 frumento
1184 1514 1284 1604 data,
1311 1525 1354 1586 ut
1380 1511 1448 1585 coli

210 1625 350 1722 serique
375 1625 569 1697 attributus
594 1626 636 1697 iis
663 1648 749 1721 ager
774 1635 905 1721 posset.

160 1736 210 1809 20
313 1732 465 1807 Postero
491 1732 550 1806 die
575 1733 790 1808 convocatos
816 1733 925 1808 duces
950 1735 1135 1832 copiarum
1161 1733 1284 1824 dooet,
1311 1731 1447 1805 nullam
1456 1749 1502 1798 v1.

208 1843 427 1916 infestiorem
454 1843 581 1916 urbem
607 1841 751 1918 Graecis
778 1869 865 1936 esse,
892 1870 999 1942 quam
1025 1846 1161 1943 regiam
1186 1841 1350 1919 veterum
1364 1841 1448 1915 Per·
1497 1861 1504 1896 ³
1567 1893 1576 1908 .

211 1952 297 2027 sidis
332 1977 466 2051 regum.
518 1951 612 2027 Hine
646 1955 706 2045 illa
732 1957 904 2030 immensa
928 1955 1072 2054 agmina
1097 1956 1232 2028 infirsa:
1267 1955 1351 2028 hino
1376 1952 1447 2025 Dass

209 2065 311 2138 'reum
337 2066 445 2162 prius,
471 2064 554 2138 dein
579 2064 737 2138 Xerxem
755 2065 919 2165 Europae
945 2065 1092 2163 impium
1117 2065 1277 2140 intulisse
1303 2065 1446 2138 bellum.
1497 2111 1500 2120 ι

208 2171 360 2260 Excidio
386 2176 479 2247 illius
506 2174 767 2274 parentandum
792 2202 871 2264 esse
896 2176 1099 2249 maioribus.
1134 2174 1279 2274 Iamque
1292 2176 1483 2266 barbaria

209 2371 358 2495 atlinqtmli
374 2371 575 2495 oertpwn‘milio
589 2375 725 2498 depurgare
741 2379 812 2458 doro]
847 2376 915 2458 Gal
932 2373 1062 2498 elpssss'eqn.
1084 2376 1109 2430 B
1132 2375 1197 2431 item
1218 2373 1449 2446 Smkenburgieni

352 2460 403 2496 uno
439 2459 515 2496 omun
617 2461 648 2498 ue
691 2462 814 2499 ronanus
908 2463 941 2498 ex
989 2461 1044 2497 en.

209 2511 244 2564 ad
286 2510 542 2578 'v.xxrx,15,9,
563 2511 609 2565 ui
632 2513 710 2567 docet
746 2513 814 2567 lun·
848 2463 965 2582 lubra.
1000 2514 1153 2567 similleio}
1222 2515 1246 2582 e]
1268 2511 1379 2583 Sionis
1395 2529 1450 2566 non

209 2578 262 2633 lem
279 2595 417 2632 numerum
434 2579 462 2632 in
478 2578 666 2634 distributione
686 2583 720 2634 ed
740 2581 813 2649 ’ὕει-ἰ,
847 2583 901 2650 to)
919 2581 1034 2634 Betim
1051 2581 1123 2635 Flor.
1199 2590 1228 2635 et
1244 2580 1326 2636 Snak„
1343 2589 1450 2652 praeter

209 2646 358 2716 eisingulie
373 2647 477 2714 singula
493 2664 612 2718 quaeque
629 2649 759 2704 attributa
775 2651 815 2704 di-
847 2649 924 2702 Voea
942 2656 967 2703 2.
1002 2649 1103 2704 Eadem
1126 2667 1231 2730 prorsus
1251 2666 1295 2703 ree
1312 2659 1354 2702 aet
1369 2649 1397 2702 in
1415 2665 1449 2702 eo

210 2731 270 2768 ecre
288 2714 360 2768 velie.
384 2716 474 2785 Atque
491 2716 543 2768 hoo
560 2733 619 2770 cum
637 2717 665 2769 iu
681 2717 739 2772 aliis
756 2735 814 2771 ver·
849 2718 919 2788 quod
935 2716 1054 2788 requitur
1070 2719 1211 2772 eunomus
1227 2719 1271 2771 r'r'r.

211 2782 254 2835 bis
272 2790 330 2835 tum
346 2782 374 2835 in
391 2783 441 2836 hoc
458 2799 568 2836 numero
585 2783 731 2839 millenario
748 2803 815 2840 sem·
882 2788 906 2864 fi
923 2791 964 2840 24.
1004 2787 1126 2838 miserore
1149 2787 1183 2838 de
1208 2785 1359 2839 coniectura
1379 2782 1449 2837 Iunii

210 2867 259 2931 per
275 2850 320 2915 fit,
347 2849 388 2902 uti
413 2849 489 2903 facile
511 2851 644 2906 docebunt
668 2853 718 2906 loci
735 2863 763 2906 et
780 2855 814 2908 ab
848 2853 952 2920 oditur,
978 2871 1039 2906 cum
1066 2853 1094 2906 iu
1119 2853 1175 2907 anti
1195 2853 1313 2908 oloribus
1339 2853 1398 2905 edd.
1420 2860 1450 2904 et

210 2937 219 2970 ι
286 2916 421 2972 Gronovio
446 2925 476 2971 et
497 2936 515 2972 a
534 2919 752 2975 Drakenborehio
778 2923 813 2976 ed
845 2921 983 2975 deterioris
1017 2921 1116 2975 ordinis
1198 2922 1279 2976 icibur
1308 2923 1449 2974 minuatur

208 2936 269 3040 liii
285 3001 332 3052 ιν,
352 2991 397 3052 1⁵,
416 2993 431 3040 6
450 2985 532 3040 allati.
565 2987 698 3042 Nimirum
713 2991 814 3043 mitterer·
847 2989 986 3058 legeretur.
1021 2989 1076 3042 Sed
1096 2989 1190 3044 otini
1214 2989 1274 3044 libri
1291 2987 1353 3042 meti
1370 2989 1450 3042 moes

209 3072 264 3108 vox
284 3063 330 3108 ert
347 3053 453 3108 insolita
469 3053 595 3109 &menia
616 3063 645 3109 et
660 3057 812 3126 grammati-
844 3068 917 3110 retur
933 3055 1068 3121 exhibent,
1086 3074 1123 3110 nu
1143 3075 1174 3110 ur
1190 3060 1319 3111 micenae
1341 3055 1449 3109 Placet-

210 3139 301 3176 corum
332 3122 421 3202 potius
451 3121 480 3175 in
509 3123 583 3176 libris
605 3141 684 3193 quam
710 3125 737 3178 in
763 3144 811 3179 usu
846 3142 879 3178 ue
896 3125 979 3196 igitur
1000 3125 1105 3178 restitui
1121 3129 1277 3180 miseram?
1304 3124 1372 3178 Mihi
1390 3125 1449 3194 qui-

209 3209 340 3246 commum
357 3197 469 3244 versata
499 3190 557 3244 Iam
573 3190 656 3261 igitur
671 3191 693 3245 ei
710 3194 810 3247 codioes
844 3194 905 3246 dem
921 3191 1055 3263 displicet,
1082 3193 1129 3246 eed
1150 3193 1172 3247 ei
1186 3193 1255 3264 ‘quis
1276 3193 1370 3246 buerit
1387 3209 1448 3245 eum

210 3257 347 3324 consules,
370 3275 441 3312 meos
462 3258 569 3328 quidem
590 3275 680 3313 omnes
707 3260 811 3316 Gmno-
845 3279 898 3314 nou
916 3261 1114 3332 reprehendam.
1442 3319 1444 3323 ,

208 3326 302 3379 vianae
318 3325 495 3380 emendationi
513 3326 673 3396 patrocinari
689 3329 738 3382 tibi
751 3347 810 3400 per-
877 3340 951 3382 temo
977 3331 1052 3382 milio
1079 3331 1227 3395 denarium}
1269 3329 1356 3382 Miror
1378 3327 1403 3380 h.
1428 3325 1445 3380 l.

209 3395 304 3459 sume,
331 3401 362 3446 ut
387 3393 451 3446 satie
476 3393 564 3448 mirari
593 3411 721 3465 nequeam
764 3398 810 3451 uid
843 3397 870 3450 in
896 3397 975 3450 Bern.
997 3399 1023 3450 A
1045 3404 1074 3450 et
1099 3396 1170 3451 Flor.
1197 3395 1297 3451 ABCG
1321 3403 1351 3448 ut
1372 3394 1449 3448 Leid.

209 3459 411 3541 snakenburgio
434 3461 573 3530 acciderit,
620 3463 672 3516 uod
695 3464 721 3516 iu
739 3416 809 3520 dior.
846 3465 921 3518 Voss.
945 3472 957 3517 1
989 3466 1156 3518 deteriorem
1186 3465 1252 3535 legi,
1283 3481 1344 3518 cum
1368 3473 1449 3516 antee

209 3529 321 3595 Heiueii,
340 3548 386 3600 qm
403 3538 444 3582 est
462 3531 582 3583 nosterA
648 3531 684 3584 id.
701 3533 809 3587 Voss.l
846 3535 982 3585 denarium
998 3532 1027 3585 in
1043 3531 1135 3585 iisdem
1156 3532 1213 3585 sine
1229 3532 1375 3586 variatione
1392 3532 1448 3584 fiue-

210 3597 279 3651 acue
295 3596 376 3667 vago
394 3596 483 3650 editur
499 3599 570 3650 mrue
584 3570 639 3668 legi
665 3600 812 3654 tauram.
847 3600 889 3654 ra
937 3601 1002 3653 na
1028 3599 1056 3652 a
1081 3599 1163 3654 ean.
1185 3604 1208 3652 a
1231 3600 1302 3654 nor.
1328 3598 1449 3652 unum

210 3665 376 3736 Quamquam
393 3665 462 3718 idem
475 3665 503 3718 iu
513 3667 684 3720 annotatione
692 3669 812 3722 subiecta
846 3669 921 3722 Voss.
943 3674 958 3721 2
982 3668 1067 3720 minue
1089 3679 1162 3721 mete
1184 3667 1289 3738 legitur.
1327 3666 1383 3722 Pro
1413 3683 1447 3720 eo

208 3733 307 3786 habere
331 3741 490 3787 materanos
507 3735 582 3786 milia
600 3733 734 3790 tamdem
751 3755 767 3789 a
783 3755 811 3790 ee
845 3737 916 3807 quod
936 3743 978 3789 eet
1003 3739 1086 3789 denuc
1109 3735 1137 3788 in
1154 3736 1233 3790 Beru.
1256 3737 1281 3790 B
1304 3735 1376 3789 Flor.
1394 3733 1448 3787 ΕΗ

170 3843 186 3870 ,
209 3800 267 3872 ipso
284 3800 382 3855 scribit
845 3813 887 3857 eet
903 3805 1008 3871 ddode,
1025 3802 1053 3856 in
1070 3803 1142 3857 Flor.
1160 3803 1225 3858 nul
1243 3805 1311 3871 dein,
1330 3803 1357 3856 in
1375 3802 1447 3856 Flor.

243 3887 276 3922 ne
293 3872 338 3938 qui
355 3869 461 3936 etatum]
496 3867 587 3938 Vulgo
612 3887 644 3922 ne
665 3873 741 3940 quie,
765 3873 810 3925 eed
845 3872 948 3927 Gder'a
966 3875 1056 3924 denae

210 3939 255 4006 qui
272 3937 437 3990 substantive
453 3936 569 4006 positum
587 3954 639 3990 non
661 3956 721 3992 rem
738 3939 810 3993 inva-
879 3939 918 3993 Ca
938 3979 944 3991 .
963 3946 1005 4006 20,
1026 3943 1049 4008 5.
1069 3945 1093 3994 1.
1128 3941 1189 3993 dein
1205 3941 1329 4006 Xerxem}
1356 3937 1447 4008 Vulgo

209 4005 260 4084 piri
278 4007 361 4085 ‚sseu‘l
391 4004 504 4075 optimos
538 4021 654 4083 quosque
683 4017 810 4089 veterum,
846 3957 946 4073 deividi,
965 4015 1083 4062 nostrum
1101 4007 1229 4061 exhibent
1246 4005 1414 4087 Leid3Voga
1431 4013 1448 4059 1.

209 4074 810 4219 ttetfftloltnftettltln‘tt
845 4075 1447 4210 lt‘ilrlnll‘nnlnttffittb

209 4209 243 4260 ed
262 4208 317 4262 Cro
335 4228 362 4261 m
380 4209 458 4262 Verr.
474 4224 503 4274 v,
524 4215 566 4274 10,
584 4214 624 4262 25.
653 4209 748 4281 Itaque
766 4227 810 4266 oo-
844 4213 923 4265 Bern.
950 4212 1000 4264 AB
1024 4211 1098 4264 Leid.
1122 4211 1194 4265 Flor.
1216 4212 1251 4264 H.
1286 4211 1353 4264 Post
1376 4209 1448 4263 'nibil

209 4276 280 4329 dices
301 4275 349 4330 soli
370 4277 495 4346 sequendi
522 4284 597 4340 sunt,
620 4279 703 4332 nostri
721 4289 810 4334 eutem
844 4289 978 4333 cunctatur
1015 4297 1046 4332 ro
1065 4279 1137 4348 vulg.
1155 4283 1194 4333 nil
1211 4281 1291 4332 Bora.
1305 4279 1354 4332 ΑΒ
1373 4278 1446 4333 Flor.

209 4361 299 4398 omnes
322 4345 440 4414 exceptis
463 4345 548 4399 tribue
574 4343 645 4399 Flor.
672 4349 810 4418 postremis
843 4297 1324 4418 Arlnmuliieesmkenburgnni,
1343 4346 1448 4401 silicet

809 4469 811 4474 ,
844 4433 876 4468 ex
894 4433 926 4469 eo
943 4415 1070 4470 coniicere
1087 4417 1158 4487 quod
1176 4417 1231 4487 ipro
1248 4415 1285 4470 sio
1301 4415 1393 4469 edidit
